4486 5730
357 334 438 458 Du
469 335 716 443 Vrnrnus
747 327 1108 462 un-Modrnus
1137 294 1463 426 Counonuu.
1490 337 1652 428 Lmll.
1686 367 1762 456 129

213 575 219 588 ‚
241 481 299 566 rit
318 461 585 573 tantumlieri
598 479 869 680 potcstffia
888 476 1154 564 directionem
1177 472 1280 606 cl).
1286 477 1412 590 plano
1441 473 1515 557 AB
1545 479 1764 592 perpendi-

244 593 546 792 qqlaqfflquae
566 624 640 709 pet
655 622 743 709 pun
873 589 1083 678 contastus
1100 587 1144 681 D
1160 609 1314 676 tranent.
1344 589 1473 718 Quod
1491 611 1577 698 crat
1596 594 1763 734 demon-

534 923 1005 1027 ¹rumorosrnuo
1035 926 1102 1011 11.
1132 883 1478 1014 nasonem.

293 1149 395 1235 250.
424 1123 576 1240 Liquet
594 1121 685 1236 uuest
694 1129 898 1244 cuicunque
914 1121 1062 1207 inditus
1077 1150 1149 1206 non
1161 1121 1279 1239 petest
1296 1127 1339 1206 in
1353 1119 1466 1233 statu
1494 1107 1664 1206 macenti
1680 1147 1762 1206 con·
1796 1141 1907 1223 meu.

233 1235 385 1350 fistere,
401 1244 631 1354 priusquam
649 1241 730 1354 ejus
740 1229 1086 1352 serperficaesfitum
1103 1232 1382 1320 horizontalem
1400 1233 1655 1348 acquifivern.
1683 1286 1688 1299 ·

304 1353 370 1434 Sit
386 1379 455 1434 vas
475 1349 594 1436 ΒΑΘ
615 1349 765 1464 'figurae
793 1353 1071 1462 cujuscunque
1100 1355 1141 1430 &
1170 1350 1546 1460 quomodocunque
1566 1346 1767 1460 pontum,

245 1461 346 1568 dico
363 1463 564 1574 liquorem
580 1464 619 1548 ei
638 1461 816 1546 infusum
835 1460 989 1546 HGIA
1009 1463 1092 1544 non'
1111 1461 1223 1572 polle
1241 1459 1617 1562 litummanentem
1647 1459 1767 1542 lrabe-

247 1576 387 1675 rc,nili
405 1575 637 1691 superficies
654 1580 739 1687 ejus
760 1570 912 1659 HGIF
930 1573 1200 1658 horizontalis
1215 1573 1352 1660 fuerit.
1382 1573 1544 1684 Habeat
1560 1573 1671 1667 enim
1679 1572 1767 1666 hacc

248 1683 480 1802 superficies
499 1691 544 1773 in
560 1687 667 1771 ‘statu
697 1687 875 1818 manenti
905 1683 1150 1814 positionem
1177 1683 1340 1772 EGCF
1370 1685 1580 1772 horizonti
1598 1683 1771 1814 inclina-

62 1953 81 1966 .
244 1795 1773 2025 uerrunt?eunurente,inferrentur
1906 1916 1913 1929 -

250 2025 353 2124 test,
380 2027 700 2140 necquicquam
714 2023 825 2118 adest
884 2023 970 2106 uod
996 2021 1106 2108 hunc
1137 2021 1296 2106 fluxum
1325 2021 1526 2134 impedire
1553 2043 1698 2135 queat,
1723 2053 1771 2108 ea

250 2141 342 2224 auu
359 2137 514 2232 defluet
532 2137 708 2250 spatium
728 2137 835 2221 illud
901 2133 1023 2247 ΗΕΒ
1042 2133 1270 2246 repletura,
1296 2127 1456 2220 idcirco
1486 2165 1581 2222 cum
1599 2139 1772 2247 liquoris

250 2249 480 2364 superficies
493 2248 622 2337 GCE
642 2247 768 2362 plano
786 2247 1036 2336 horizontali
1054 2245 1181 2334 HGF
1201 2247 1396 2336 inclinata
1426 2247 1506 2350 est,
1532 2278 1614 2336 non
1643 2249 1699 2333 est
1725 2250 1786 2331 inv

250 2361 355 2448 statu
375 2363 575 2464 manenti,
602 2359 744 2448 contra
763 2361 1018 2477 hypothesm.
1409 2345 1429 2388 ‘

527 2561 548 2596 Ὶ
697 2589 1330 2699 Chnonnuuuum

310 2812 401 2896 251.
429 2763 595 2871 Hinc-fi
615 2781 802 2869 universa
818 2803 925 2868 terra
949 2781 1120 2870 Oceano
1152 2761 1390 2868 circun'data
1418 2781 1537 2879 cliet,
1563 2808 1638 2864 nec
1665 2781 1708 2864 in
1735 2782 1774 2864 se

169 2987 173 2990 ,
239 2895 381 3010 ,ipsam
401 2887 726 2996 converteretur,
754 2901 838 3008 ejus
860 2895 1090 3008 superficies
1109 2893 1287 3008 pe'rfedte
1306 2894 1503 3006 sphaerica
1520 2883 1643 2976 foret.'
1694 2889 1776 2978 Sed
1929 2978 1934 2988 ,

259 3103 265 3112 ἡ
288 3012 356 3094 uia
374 3032 490 3095 motu
509 3011 658 3094 diurno
676 3012 784 3094 circa
804 3029 988 3108 centrum
1004 3007 1122 3090 suum
1143 3008 1391 3108 revolvitur,
1410 3034 1526 3118 aquae
1545 3003 1776 3117 superficies

255 3037 447 3234 linhaerica
468 3150 548 3206 non
567 3121 747 3218 erit,sed
764 3121 937 3236 figuram
957 3119 1121 3205 habebit
1146 3118 1384 3233 sphaeroidis
1405 3119 1518 3218 lata,
1542 3117 1643 3228 quia
1661 3145 1780 3232 aquae

254 3257 386 3345 partes
408 3263 494 3348 quo
546 3237 726 3347 ropiores
745 3231 837 3318 sunt
854 3233 1075 3346 aequatori,
1101 3261 1151 3317 eo
1171 3238 1361 3344 majorem
1380 3233 1528 3318 habent
1544 3251 1734 3324 conatum
1756 3235 1780 3314 i

143 3419 161 3448 ,.
256 3370 396 3431 centro
414 3263 646 3446 recedendi,
656 3367 780 3459 atque
798 3347 899 3432 adeo
920 3349 1052 3432 minus
1075 3370 1214 3458 graves
1226 3346 1342 3444 sunt,
1354 3346 1691 3456 quandoquidem
1710 3371 1778 3427 co·

255 3482 371 3544 natus
390 3458 613 3572 centrifugi
633 3480 748 3543 tanto
767 3460 897 3572 magis
916 3463 969 3545 de
988 3457 1780 3572 corporumgravitatedetrahuntquan-

256 3591 302 3652 to
320 3567 610 3686 majoreslunt.
640 3571 716 3656 Ob‘
732 3572 836 3656 hanc
860 3601 958 3657 vero
976 3572 1188 3685 gravitatis
1208 3572 1526 3681 inaqualitatem
1544 3569 1720 3675 accidit,
1732 3591 1780 3653 ut

239 3685 308 3794 ¹ad
334 3683 601 3770 obtinendum
628 3685 807 3798 partium
825 3681 1196 3798 aequilibrium,·ad
1219 3684 1392 3768 eandem
1423 3684 1577 3794 ubique
1596 3681 1782 3766 altitudi-

257 3824 349 3881 nem
367 3827 483 3910 aquae
502 3799 717 3910 pervenire
746 3811 975 3910 nequeant,
1000 3819 1049 3880 ut
1078 3796 1177 3879 aliis
1205 3795 1347 3895 fieret,
1375 3796 1403 3879 sr
1433 3817 1538 3880 terra
1564 3813 1680 3904 motu
1706 3794 1782 3880 illo

254 3910 426 4008 diurno,
435 3939 487 3994 ex
498 3926 584 4022 quo
605 3933 772 3996 conatus
793 3908 1013 4024 centrifugi
1032 3910 1210 4023 partium
1230 3937 1346 4023 aquae
1365 3907 1580 4006 resultant,
1607 3927 1782 4006 careret,

243 4022 324 4107 led
354 4023 426 4108 sub
457 4025 686 4134 AEquatore
718 4022 904 4110 altiffima
935 4033 977 4110 ὅτ
1006 4020 1187 4132 impolis
1214 4023 1391 4106 maxime
1418 4019 1598 4132 deprella
1624 4019 1782 4104 existat.

252 4136 372 4219 Hinc
403 4131 482 4232 est,
510 4137 625 4245 quod
657 4135 889 4220 Nev'tonus
901 4195 915 4236 ,
943 4135 1161 4248 Hugenius
1192 4133 1346 4245 aliique
1372 4133 1528 4219 telluris
1556 4131 1787 4244 superficiei

255 4247 426 4360 figuram
457 4245 625 4358 alicujus
664 4249 902 4362 sphaeroidis
935 4247 1200 4362 affignarint,
1238 4248 1424 4330 oriundae.
1448 4273 1500 4330 cx
1531 4245 1787 4330 revolutione

186 4427 207 4468 ,
256 4361 423 4474 alicujus
443 4351 645 4472 Ellipseol
665 4364 773 4446 circa
794 4387 913 4444 axem
946 4363 1170 4458 minorem,
1195 4357 1392 4446 existente
1418 4387 1493 4443 axe
1521 4364 1672 4470 nrajore
1698 4355 1785 4442 dia-
1865 4371 1867 4378 ’

252 4497 384 4559 metro
402 4474 617 4587 aequatoris
640 4474 844 4582 terrestris,
876 4475 960 4562 Sed
980 4475 1033 4560 de
1052 4473 1165 4560 hisce
1183 4469 1257 4556 suo
1276 4471 1372 4558 loco
1391 4470 1520 4558 sermo
1538 4485 1738 4556 recurret:
1820 4544 1824 4552 .

880 4881 887 4896 .
1018 4765 1151 4850 a·
1633 4759 1791 4880 nno.
