4486 5730
492 429 586 522 ‚112
627 397 1004 488 Dn'Vrnrnus
1035 387 1961 503 erMonraosDonnolruur.L1aI.

559 759 652 877 21'5.
682 768 762 856 Vis
781 793 853 853 cor
884 793 1002 860 orum
1021 762 1204 852 absoluta
1221 783 1315 848 ante
1337 761 1583 847 conflidum
1604 759 1660 848 est
1680 763 1885 868 altitudo,
1912 797 2036 881 quam

503 901 687 968 centrum
699 882 834 996 gravit
880 882 912 964 is
923 905 1140 965 commune
1151 877 1366 962 mobilium
1376 875 1533 988 perlabi
1543 875 1701 986 potest,
1714 883 1880 988 quando
1888 909 2036 1003 unum.

502 995 683 1104 quodvis
717 1021 867 1105 corpus
894 1019 967 1105 per
997 989 1108 1074 suam
1137 987 1399 1094 altitudinem
1429 989 1616 1082 cadendo
1644 989 1905 1078 velocitatem
1925 995 2058 1083 suam
2099 1058 2103 1064 -

502 1107 715 1217 propriam
734 1106 926 1217 acquirit.
955 1105 1118 1216 Virque
1135 1101 1350 1186 mobilium
1368 1099 1550 1184 absoluta
1567 1101 1660 1212 post
1682 1104 1956 1206 collisionem,
1977 1111 2037 1195 est

500 1219 694 1315 altitudo,
704 1220 758 1302 ad
777 1247 900 1330 quam
918 1218 1115 1330 affurgere
1130 1213 1267 1326 potest
1286 1215 1396 1298 idem
1418 1239 1634 1300 commune
1653 1235 1838 1312 centrum
1858 1223 2034 1334 gravita-

504 1331 557 1414 tis
577 1359 823 1444 corporum‚
851 1330 1027 1443 quando
1045 1327 1375 1439 unumquodque
1406 1327 1553 1408 horum
1578 1349 1799 1438 corporum
1827 1337 2033 1420 celeritate

504 1441 655 1528 initiali
684 1473 753 1543 ea,
776 1473 900 1554 quam
921 1447 965 1527 in
993 1441 1191 1552 conflidu
1211 1438 1453 1552 acquisrvit,
1480 1435 1591 1522 suam
1620 1439 1882 1530 altitudinem
1903 1447 2036 1534 ascen-

507 1557 645 1642 dendo
663 1556 850 1640 absolvit.
1276 1617 1290 1646 .

564 1674 654 1756 216:
685 1669 753 1753 Sic
773 1670 908 1781 posrto
926 1663 1078 1752 mobile
1099 1667 1141 1752 A
1169 1666 1379 1776 acquirere
1408 1662 1657 1750 celeritatem
1684 1661 1796 1752 suam
1825 1673 2035 1782 propriam

506 1782 590 1870 AD
610 1781 725 1893 lapsu
742 1784 968 1868 accelerato
988 1809 1040 1866 ex
1058 1779 1277 1864 altitudine
1298 1777 1377 1864 EA
1387 1832 1402 1875 ,
1430 1783 1471 1860 &
1494 1777 1527 1860 B
1550 1776 1661 1861 suam
1681 1778 1927 1866 celeritatem
1936 1813 2034 1896 pro·

506 1897 638 2008 priam
656 1895 847 1980 descensu
868 1894 1092 1980 accelerato
1109 1919 1163 1976 ex
1181 1891 1402 1975 altitudine
1422 1889 1521 1988 FB,
1548 1903 1733 1992 centrum
1761 1882 1972 2006 grauitatis
1993 1897 2041 1990 G

473 2004 476 2009 ’
506 2009 723 2094 mobilium
742 2006 806 2108 A,
835 2010 868 2093 B
898 2011 941 2090 in
969 2002 1132 2117 pundis
1154 2003 1189 2086 E
1201 2061 1215 2103 ‚
1244 2001 1561 2089 Fexistentium
1590 2005 1711 2088 cadet
1733 2006 2036 2102 err-altitudine

511 2119 607 2208 GC.
647 2121 704 2204 Et
723 2119 753 2204 fi
773 2121 936 2206 mobilis
953 2123 994 2204 A
1012 2117 1103 2230 post
1121 2117 1360 2202 conflidum
1381 2115 1564 2200 celeritas
1582 2115 1800 2202 uniformis
1822 2118 1871 2203 srt
1887 2121 1957 2208 Da
1974 2144 2033 2208 ta-

375 2318 381 2330 ,
504 2236 630 2334 lis,ut
648 2237 697 2318 ei
716 2257 911 2345 tanquam
932 2231 1153 2316 velocitate
1170 2229 1321 2318 initiali
1339 2231 1488 2314 tedam
1506 2257 1549 2314 ae
1580 2230 1835 2316 astendendo
1861 2235 2037 2320 confice·

506 2377 550 2430 re
570 2347 695 2458 polsrt
711 2348 864 2434 mobile
884 2345 949 2447 A,
975 2344 1230 2455 alterumque
1248 2341 1283 2423 B
1303 2342 1565 2426 altitudinem
1584 2341 1637 2455 bf
1645 2345 1854 2430 celeritate
1885 2347 2037 2436 initiali

508 2457 597 2556 Db,
608 2488 700 2570 quae
719 2462 776 2547 est
794 2461 991 2546 velocitas
1008 2455 1239 2558 uniformis,
1247 2482 1372 2566 quam
1391 2454 1543 2539 mobile
1559 2453 1669 2540 istud
1692 2457 1806 2581 l}‚in
1828 2459 1919 2572 ipso
1937 2489 2035 2546 con-

509 2571 627 2656 flictu
647 2575 866 2686 acquisrvit
879 2619 891 2673 ς
920 2599 1136 2658 commune
1164 2599 1237 2654 cor
1268 2595 1386 2652 orum
1407 2565 1470 2666 A,
1499 2569 1533 2653 B
1569 2572 1784 2682 gravitatis
1812 2594 2038 2660 centrumc
2181 2620 2186 2628 ·

509 2683 692 2768 censetur
709 2687 922 2771 ascendere
940 2683 1052 2797 posse
1072 2685 1117 2767 vi
1145 2597 1328 2784 absoluta
1360 2681 1575 2767 mobilium
1602 2683 1695 2796 post
1728 2685 1967 2778 condidam
1995 2687 2040 2772 in

412 2893 419 2902 ⁵
510 2798 619 2884 reda
637 2799 825 2886 verticuli
848 2823 894 2916 cg
911 2795 1042 2911 usque
1062 2798 1115 2882 ad
1124 2819 1170 2910 g.·
2034 2843 2040 2860 ι

1231 2993 1320 3082 VI.

568 3150 661 3233 217.
688 3129 893 3240 Corpora,
902 3151 994 3240 quae
1015 3127 1170 3212 nonnisr
1191 3130 1236 3212 vi
1256 3129 1410 3212 inertiae
1429 3129 1606 3212 materiae
1627 3131 1801 3241 praedita
1828 3131 1943 3232 sunt,
1973 3131 2037 3219 di-

510 3258 655 3320 cantur
673 3241 865 3352 deinceps
883 3269 1055 3352 corpora
1075 3242 1229 3324 inertia.
1283 3243 1473 3353 Corpora
1482 3244 1582 3324 vero
1595 3270 1711 3353 ,quae
1732 3247 1819 3328 vim
1837 3245 2041 3330 actuosam
2063 3261 2068 3266 ’

344 3437 346 3444 ᾗ
428 3413 432 3426 .
506 3347 660 3440 habent
677 3353 901 3462 repellendi
920 3381 1094 3466 corpora
1111 3382 1159 3438 ea
1177 3353 1264 3466 ipsa
1282 3355 1327 3437 vi
1348 3382 1430 3465 qua
1448 3353 1625 3466 impulsa
1645 3355 1808 3439 fuerunt
1824 3358 2042 3455 ,dicantur

424 3551 431 3560 ⁸
510 3489 683 3574 corpora
711 3466 882 3552 astuosa.
939 3467 1130 3576 Corpora
1156 3465 1302 3548 inertia
1320 3466 1416 3550 alias
1435 3468 1559 3556 etiam
1579 3469 1780 3558 nominari
1812 3469 1941 3556 solent
1970 3499 2044 3572 non

510 3571 657 3686 tlastt'ca
667 3634 682 3677 ‚
710 3607 756 3662 ac
777 3607 952 3690 corpora
972 3578 1134 3664 aduosa
1153 3575 1311 3690 ellrstim.

949 3825 1588 3915 HYPOTHE‘SI‘S.

568 4021 664 4100 ιιὸ.ι
690 4019 788 4101 Cum
806 4043 869 4102 cor
889 4041 959 4115 ¹oro
978 4019 1131 4134 astuosa
1146 4027 1247 4109 inter
1260 4021 1306 4138 se
1324 4021 1559 4109 colliduntur
1586 4023 1714 4109 eadem
1746 4041 1874 4114 manet
1903 4035 1966 4114 vis
1984 4058 2040 4117 eo-

510 4146 598 4208 rum
615 4127 783 4243 absoluta
794 4039 1218 4250 polsconfliiiumquae
1234 4156 1321 4222 erat
1340 4155 1427 4222 ante
1448 4138 1602 4223 eundem
1621 4139 1846 4249 considium.
1882 4169 1892 4178 ’
1942 4243 1947 4252 Ι

564 4237 806 4352 Excipimus
827 4273 1000 4357 corpora
1020 4245 1178 4347 inertia,
1189 4277 1364 4360 quorum
1387 4251 1450 4334 vis
1471 4251 1652 4344 absoluta
1672 4253 1762 4366 post
1795 4253 2042 4340 collifionem

510 4377 717 4462 nunquam
738 4357 878 4440 eadem
896 4357 1071 4468 est,quae
1092 4383 1177 4443 erat
1196 4383 1290 4444 ante
1310 4365 1935 4477 concursum‚,quandoquidem
1957 4369 2043 4451 hac

391 4545 394 4556 ,
448 4471 450 4477 ’
511 4463 636 4545 visin
657 4463 747 4576 ipso
777 4470 974 4553 conflidu
1006 4475 1258 4584 quandoque
1288 4477 1450 4585 penitus
1481 4478 1736 4573 absorbetur,
1765 4477 1921 4561 scilicet
1949 4510 2042 4564 cum

511 4575 679 4658 mobilia
700 4577 972 4666 celeritatibus
993 4585 1122 4670 mallis
1144 4585 1224 4668 suis
1246 4590 1456 4699 reciproce
1475 4591 1850 4702 proportionalibus
1879 4589 1952 4672 fibi
1983 4595 2042 4676 in·

513 4687 647 4770 vicem
668 4690 830 4772 obviam
851 4693 1033 4776 ueniunt.
1074 4699 1155 4784 Sed
1172 4701 1372 4810 ejusmodi
1393 4707 1565 4813 corpora
1587 4703 1749 4814 penitus
1770 4703 1915 4786 inertia
1935 4701 2042 4788 forte

509 4799 811 4901 narrarentur,
833 4831 923 4886 nam
944 4805 1097 4891 etiamsi
1119 4811 1314 4925 pleraque
1334 4829 1506 4925 corpora
1523 4813 1705 4946 perfecta
1725 4816 1958 5008 aduosrtatrle
1976 4815 2043 5010 Hel
2156 4923 2179 4960 ·

1914 4957 1975 5012 ea
2012 4959 2044 5010 r-
