4424 5728
356 349 1543 462 DrVrrrrusnrMo'rrntisCorroausr.
1689 367 1741 460 3·-

184 573 187 579 ⁴
253 479 530 572 Praecedentes
560 487 712 582 virium
740 489 1000 576 definitiones
1026 490 1134 576 satis.
1148 476 1288 602 aperte
1315 489 1502 574 indicant
1519 483 1628 574 iniis
1645 485 1715 598 agi
1752 475 1755 480 ’

30 655 33 662 .
194 597 723 712 demantvacorporura
1186 695 1189 702 ,
1416 603 1423 616 ’
1518 689 1524 692 ,
1670 655 1673 662 ·
1766 627 1779 656 ·-
2027 637 2064 654 ··

257 737 319 797 11.
347 713 431 800 Sed
457 711 558 797 inest
588 713 711 801 etiam
731 713 970 826 corporibus
991 715 1063 798 Vas
1078 711 1267 824 quadam
1280 709 1609 828 paffiva,exqua
1626 711 1715 794 nul·
1809 801 1810 804 w
1918 759 1922 764 -

50 893 58 906 .
196 821 261 908 lus
279 847 416 910 motus
433 851 509 908 nec
528 823 738 916 tendentia
750 825 808 909 ad
826 847 986 910 motum
1004 824 1169 910 resultat
1181 871 1193 926 3
1207 825 1278 910 sed
1297 823 1477 912 confistit
1499 825 1542 906 in
1562 823 1718 908 Renixa
2042 825 2047 836 ’

193 934 294 1038 illo,
322 961 408 1052 quo
427 937 597 1024 cuilibet
619 937 666 1021 vi
684 959 861 1022 externae
876 941 1145 1024 mutationem
1158 937 1288 1032 'status
1300 995 1322 1037 ,»
1340 939 1388 1022 id
1416 936 1473 1021 est
1492 957 1627 1020 motus
1648 936 1717 1022 vel

130 1117 132 1122 .
192 1051 346 1159 quietis
357 1077 453 1147 ‚cor
484 1051 620 1137 oribus
628 1049 821 1136 inducere
839 1053 1006 1144 conanti
1021 1051 1252 1137 relustatur.
1280 1055 1386 1162 Quae
1406 1046 1633 1134 refistentiae
1651 1050 1737 1132 vis
1881 1139 1883 1145 ,

57 1253 60 1260 ,
107 1181 110 1188 ·
192 1161 439 1275 significanti
526 1193 554 1248 o
582 1163 786 1250 vocabulo
815 1161 1024 1247 isummo
1055 1164 1300 1248 Astronomo
1318 1163 1415 1280 Job.
1437 1161 1622 1273 Keplero
1644 1165 1717 1245 Vis

189 1278 341 1360 inertie
360 1275 471 1359 dista
488 1276 557 1362 est.
596 1277 702 1360 Haee
725 1277 804 1365 Vis
832 1277 988 1360 inertia
1017 1277 1061 1359 in
1089 1271 1328 1388 corporibus
1357 1271 1655 1388 quiescentibus
1676 1273 1717 1359 se

193 1385 290 1474 satis
308 1389 451 1502 prodit
457 1433 477 1490 5
501 1391 651 1474 etenim
672 1416 823 1502 corpus
841 1389 1121 1501 quodcunque
1142 1395 1185 1472 A·
1200 1387 1471 1487 inaliud,sed
1490 1385 1714 1497 quiescens,

149 1565 154 1574 .
192 1497 243 1582 Β*
252 1501 475 1614 impastum
505 1503 668 1612 aliquid
696 1501 750 1586 de
778 1502 848 1585 sna
865 1504 912 1586 vi
930 1509 973 1584 bc
1001 1525 1119 1586 motu
1148 1502 1334 1602 amittet,
1359 1486 1650 1612 excipiensque
1677 1501 1712 1582 B
1839 1535 1842 1541 ·

100 1653 102 1657 ’
192 1611 358 1724 aliquid
373 1613 525 1700 virium
546 1612 588 1698 δ’(
606 1635 741 1698 motus
760 1616 811 1696 ab
826 1613 1064 1727 impellente
1087 1617 1127 1699 A
1144 1615 1342 1728 acquiret.
1381 1609 1451 1695 Ex
1471 1639 1556 1723 quo
1575 1612 1715 1708 claret,

193 1725 405 1842 quiescens
426 1753 575 1840 corpus
593 1727 629 1809 B
651 1723 788 1838 reapse
808 1727 895 1810 vim
913 1725 1096 1836 aliquam
1116 1727 1309 1840 palliuam
1331 1726 1477 1808 habere
1497 1725 1522 1806 a
1542 1723 1650 1814 vi'in
1670 1723 1717 1808 id
1761 1735 1764 1742 ’

194 1835 440 1942 incurrentis
460 1839 643 1950 corporis
659 1841 700 1922 A
720 1837 808 1922 stan
838 1839 984 1920 endam
1004 1858 1129 1949 atque
1146 1838 1434 1951 superandam
1462 1835 1620 1945 alioqui
1638 1838 1714 1918 im-
1768 1931 1770 1936 ¹
1955 1925 1962 1940 ‚

151 2002 153 2006 -
195 1947 354 2060 pellens
372 1953 415 2035 A
430 1949 526 2079 post
543 1951 754 2038 occursum
769 1863 880 2033 mill
897 1951 949 2034 de
970 1947 1043 2032 suo
1061 1947 1363 2047 motu-amisisse
1382 1947 1602 2046 debuisses,
1620 1966 1716 2032 cunt
1770 2003 1776 2011 -

37 2131 40 2138 .
178 2083 347 2173 vcorpus
367 2062 576 2173 quiescens
596 2060 935 2163 B‚‚s1res1stendi
960 2058 1157 2148 facultate
1189 2082 1365 2159 careret,
1392 2060 1555 2144 alterius
1583 2057 1717 2142 motui

19 2213 22 2219 ·
197 2175 355 2288 nullam
370 2203 568 2259 remoram
586 2173 729 2259 afferre
757 2173 901 2286 poffit,
927 2174 1032 2259 'adeo
1058 2195 1107 2257 ut
1125 2176 1268 2273 ambo,
1288 2171 1500 2284 impellens
1519 2172 1559 2255 Ἀ
1579 2175 1620 2254 bt
1640 2171 1729 2254 itu-⁰

100 2326 103 2332 ¹
180 2285 407 2399 pulsumB
419 2317 490 2386 ,ea
499 2287 586 2400 ipsa
599 2288 924 2398 ¹celeritate‚qua
933 2314 1081 2398 corpus
1102 2290 1144 2372 A
1162 2299 1254 2370 ante
1271 2281 1483 2370 occursum
1502 2281 1718 2380 &rebatun
1893 2365 1897 2373 ,
1977 2313 1982 2322 ·

197 2399 324 2484 etiam
346 2399 437 2510 post
458 2402 691 2488 contablunr
709 2400 896 2497 incedere
918 2397 1133 2501 deberem,
1146 2400 1263 2513 quod
1280 2393 1557 2511 pliaenomenis
1577 2395 1718 2479 adver-

199 2509 758 2598 ffimmwf
897 2507 907 2528 ⁹
1164 2577 1166 2580 .
1585 2553 1597 2578 e

193 2672 200 2686 ·
258 2649 319 2708 12.
350 2623 400 2709 In
420 2626 495 2710 hac'
527 2627 587 2712 Vi
614 2623 769 2730 inertiae
797 2623 975 2708 materia
1002 2617 1173 2706 fundata
1197 2621 1255 2708 est
1286 2619 1459 2704 Naturae
1489 2619 1591 2718 lex,
1638 2621 1720 2729 qu'a
1746 2635 1755 2670 ·'
1909 2681 1921 2705 .
1969 2629 1972 2636 '
2073 2631 2101 2700 '.

202 2734 368 2822 Cuilibet
384 2737 525 2823 atiioni
544 2725 701 2852 aeqsalis'
720 2734 771 2830 όν
792 2740 985 2821 contraria
1003 2733 1053 2846 est
1071 2734 1222 2821 reatiio.
1263 2735 1312 2818 In
1331 2732 1445 2834 omni
1467 2733 1577 2816 enim
1594 2731 1721 2828 abtin,
1810 2785 1812 2790 -

200 2879 253 2935 ne
270 2847 331 2932 est·
346 2849 517 2934 lutilatio
535 2851 641 2933 inter
659 2875 808 2962 corpps
826 2875 947 3042 aperis
970 2855 1011 2930 bc
1031 2848 1224 2962 patiens,
1264 2854 1304 2932 &
1328 2845 1408 2930 fine
1436 2844 1637 2954 ejnrsmodi
1658 2842 1732 2944 lus

197 2961 379 3046 statione
397 2963 509 3045 nulla
527 2961 657 3058 attio,
667 2963 833 3072 proprie
858 2960 1039 3059 redista,
1052 2961 1209 3073 agentis
1226 2961 1269 3041 in
1289 2959 1447 3072 patiens
1469 2956 1720 3066 concipipo-

127 3181 129 3184 Ι
152 3165 155 3170 ,
199 3073 300 3170 test,
327 3074 485 3184 alioqui
503 3075 614 3158 nulla
635 3073 790 3157 stabilia
807 3073 1047 3158 haberentur
1061 3071 1317 3156 Mocham'cae
1337 3061 1625 3165 fundamenta,
1653 3061 1722 3150 sed
1824 3108 1830 3115 ·

140 3273 155 3299 ,Ι
202 3185 378 3300 quilibet
394 3185 562 3270 effectus
584 3187 806 3296 iqualibet
826 3183 1161 3282 caussaoriretur(
1400 3283 1404 3290 Ι
1876 3207 1881 3216 ·

260 3325 323 3408 13.
354 3302 468 3405 Vates
485 3298 649 3395 attiae,
660 3294 935 3410 cujuscunque
953 3293 1270 3409 generisfiterint
1280 3352 1294 3393 ,
1305 3295 1469 3408 gemino
1480 3289 1722 3374 modointet

200 3407 244 3496 se
264 3409 423 3510 collatae
449 3413 603 3493 variare
623 3411 797 3521 possunt.
836 3410 943 3494 Atiae
963 3411 1072 3516 enim
1086 3409 1185 3493 aliis
1206 3405 1400 3490 intensive
1418 3409 1585 3517 majores
1605 3397 1721 3500 sunt,
1809 3449 1814 3458 ·

179 3626 183 3632 .
203 3524 315 3607 nulla
331 3522 469 3604 habita
488 3524 645 3606 ratione
673 3520 839 3634 subjetti
857 3519 1091 3632 recipientis
1111 3567 1125 3624 t
1162 3548 1257 3603 cum
1278 3520 1363 3604 duo
1381 3513 1724 3628 corpora‚quoad

201 3635 411 3720 materiam
440 3635 634 3745 aqualia,
651 3634 807 3717 viribus
835 3632 1100 3744 inequalibus
1127 3631 1298 3744 pollent.
1354 3630 1458 3712 Alia
1490 3654 1613 3740 porro
1634 3625 1724 3708 aliis

200 3747 323 3832 etiam
341 3749 509 3856 majores
527 3747 604 3831 esse
624 3745 787 3858 possunt
797 3801 810 3841 ,
832 3773 926 3828 cum
947 3747 1051 3828 vires
1071 3741 1277 3848 intensive.
1295 3736 1725 3850 aquales'corporibus
1836 3829 1839 3836 ,

154 3960 158 3968 ¹
202 3860 342 3970 quoad
360 3859 567 3943 materiam
587 3857 853 3970 inaequalibus
872 3855 1089 3970 applicatae
1112 3853 1215 3939 sunt.
1282 3854 1395 3936 Nam
1416 3855 1457 3932 in
1485 3879 1629 3963 genere
1660 3851 1722 3930 vis

137 4011 138 4014 Ν
202 3971 404 4084 eujusque
424 4000 497 4054 cor
554 3971 607 4054 ris
627 3969 684 4055 est
702 3999 750 4054 ea
757 3996 876 4080 ,quae
897 3966 1061 4052 resultat
1077 3995 1130 4049 ex
1151 3967 1337 4052 omnibus
1356 3965 1509 4082 viribus
1540 3950 1721 4073 partiali-

85 4161 87 4164 .
183 4000 1058 4197 ‘bus,quibusli1igulacorporiselementa
1087 4077 1154 4160 seu
1183 4079 1363 4164 minimae
1391 4074 1602 4187 particulae
1633 4071 1722 4184 pol-

121 4253 126 4262 ·
204 4195 301 4280 lent.
332 4196 401 4279 Sic
421 4193 450 4277 sr
471 4197 575 4279 vires
586 4192 923 4307 ,quibus'fingula
942 4191 1124 4302 colpotis
1144 4189 1342 4274 elementa
1360 4187 1591 4272 affitiuntur
1603 4242 1616 4282 ,
1629 4211 1725 4268 ton·
1785 4239 1788 4246 ·

145 4331 148 4343 ’
195 4307 398 4419 spirantes
417 4305 534 4407 sunt,
564 4313 635 4392 Vis
651 4307 781 4391 totalis
796 4306 874 4388 erit
896 4303 1145 4415 complexus,
1164 4300 1232 4387 seu
1259 4323 1523 4416 aggregatum
1544 4298 1727 4382 omnium

160 4475 169 4508 2
204 4422 354 4504 virium
374 4419 618 4536 partialium.
744 4455 745 4462 Ν
993 4503 995 4506 ,
1287 4465 1294 4477 ·
1498 4478 1502 4488 .

137 4599 143 4610 .
264 4559 327 4644 14.
354 4537 568 4645 Qaata'tas
585 4535 765 4616 *materie
784 4527 978 4639 cu'usque
1010 4525 1226 4640 corporis,
1263 4554 1386 4639 quam
1418 4515 1588 4632 Mnffam
1614 4519 1745 4607 dein.
1785 4585 1821 4622 ¹,
1917 4567 1922 4576 -

204 4655 299 4756 ceps
320 4647 586 4752 vocabimus,
624 4645 681 4729 est
703 4561 944 4756 compiexus
976 4642 1278 4756 (aggregatum)
1309 4637 1492 4723 omnium
1512 4631 1727 4760 particula-

204 4785 294 4843 tunt
304 4814 319 4858 ‚
341 4759 488 4872 quibua
507 4755 950 4870 corpus'composrtum
967 4755 1035 4871 est.
1078 4751 1182 4868 Ipsae
1202 4754 1301 4840 verb
1317 4745 1528 4866 particula
1546 4770 1730 4857 corporis
1900 4778 1905 4788 ·
1934 4831 1940 4842 ,

391 4917 393 4922 ν
454 4927 457 4934 -
538 4903 540 4907 ·
809 4903 817 4928 ·
980 4871 1070 4952 Aa
1148 4917 1152 4926 -
1433 4911 1435 4916 ,
1620 4879 1730 4944 -con-
