4482 5730
293 271 298 280 ⁸
367 351 372 360 ·
492 277 1934 426 194DeVrnrntisnn'Monr‘nusConponuu.L1n.II.
2014 303 2031 340 ⁸

362 487 368 500 ·
491 447 570 562 QE
591 450 644 531 ad
656 444 887 544 CG‚erunt
906 443 1012 526 vires
1030 443 1344 550 comprimentes
1362 437 1429 519 seu
1448 429 1816 518 erasticitatesaens
1834 436 2022 544 ejusdem.

389 645 393 652 .
489 560 752 646 densitatibus
776 557 928 642 direste
947 553 1297 672 proportionales,
1325 572 1371 634 ut
1402 545 1670 644 &Mariottm
1697 547 1952 630 Amontonio
1972 557 2013 634 δι

492 673 649 758 Poleno
668 671 852 784 pluribus
872 657 1159 780 experimentis
1180 666 1490 776 comprobatum
1500 657 1568 741 est.
1598 659 1698 786 yid.
1711 659 1905 744 Mariotti
1925 659 2017 748 Ten-

492 803 619 874 temen
637 786 682 872 de
699 783 866 872 Natura
885 783 1038 882 Auru,
1062 803 1167 888 ‘tum
1190 781 1314 864 etiarn
1335 777 1553 872 TRraclatus
1573 773 1631 878 de'
1644 773 1774 859 Motu
1791 776 2019 886 liquatum,

339 921 344 933 ·
484 895 705 1010 'inquibus
725 899 924 1012 ejusmodi
942 895 1221 1006 experimenta
1241 891 1322 976 sse
1343 912 1467 1002 capta
1482 885 1852 1000 distinsteexponit
1860 945 1875 988 ‚
1887 893 2018 1002 perin.

488 1011 543 1094 de
562 1042 608 1095 ac
632 1012 722 1122 post
743 1011 876 1122 ipsum
895 1006 998 1092 fecit
1019 1007 1291 1092 Amontonius
1313 1005 1356 1086 in
1377 1001 1696 1096 Commentariis
1716 1002 1846 1086 Acad.
1869 1003 2016 1089 Scient.

489 1123 615 1212 Paris.
648 1123 730 1209 Sed
747 1125 845 1233 quia
866 1122 1137 1220 communiter
1157 1118 1287 1230 spatia
1311 1114 1414 1214 ΟΕ,
1441 1115 1554 1212 CG,
1569 1121 1647 1198 &e
1692 1117 1915 1228 perexigua
1929 1115 2019 1202 sunt

378 1329 381 1334 ,
487 1235 771 1340 ineorundem
790 1235 982 1321 mensuris
1005 1243 1046 1318 &
1065 1230 1400 1345 proportionibus
1420 1229 1698 1340 explorandis,
1707 1227 1829 1310 facile
1838 1229 1895 1310 est
1915 1259 2024 1313 etro-

327 1420 330 1438 .
460 1368 465 1373 ’
492 1375 577 1430 rem
597 1349 1053 1448 committeregidcitco
1073 1347 1295 1430 Mariottus
1316 1344 1443 1426 morlo
1463 1341 1530 1424 isti
1550 1341 1835 1452 proportiones
1858 1343 2019 1426 investi-

490 1463 617 1571 gandi
635 1461 741 1542 inter
764 1463 870 1544 vires
885 1458 1068 1545 elasticas
1081 1458 1171 1558 ,seu
1183 1459 1288 1541 vires
1300 1456 1639 1567 comprimentes,
1660 1461 1700 1536 ὅτ
1723 1453 1936 1540 densitates
1956 1471 2019 1541 ae-

437 1575 464 1638 !
489 1573 578 1670 ris,
615 1575 762 1657 merito
791 1574 918 1656 alium
949 1574 1097 1684 idjecit
1127 1598 1183 1656 ex.
1206 1569 1551 1656 observationibus
1585 1567 1802 1652 barometri
1831 1571 2022 1678 petitum,

489 1711 614 1795 quem
631 1685 720 1799 Jac.
743 1685 1004 1770 Bethoullius
1024 1687 1216 1796 deinceps
1236 1684 1364 1798 magis
1385 1681 1569 1774 excoluit
1598 1681 1641 1762 in
1659 1679 1732 1763 suo
1750 1680 1949 1765 Tradatu
1969 1686 2019 1768 de

490 1797 914 1892 GravitateAEtheris.
938 1799 1026 1884 Hic
1045 1799 1190 1882 modus
1212 1797 1269 1880 est
1290 1796 1533 1892 indireltus,
1547 1795 1661 1904 ‚quta
1673 1796 1720 1876 in
1740 1823 1790 1876 eo
1809 1793 2020 1892 asstnritur

488 1909 549 2009 id,
559 1911 675 2022 quod
694 1911 749 1993 est
770 1914 1025 2023 probandum
1044 1911 1166 1997 instar
1183 1909 1394 2022 principii,
1407 1906 1675 1990 &conclusio
1694 1905 1902 1992 confertur
1922 1939 2015 1995 cum

488 2025 886 2134 phaenomenis‚cum
907 2025 1054 2135 quibus
1075 2026 1104 2109 fi
1124 2022 1416 2135 conspirauerit
1435 2022 1673 2133 retrogrado
1690 2021 1834 2122 ordine
1851 2025 2015 2107 conclu-

489 2135 603 2220 ditur
624 2138 877 2248 princ'ipium
896 2136 1209 2222 assumtum-effe
1228 2163 1380 2220 verum.
1432 2133 1479 2218 N
1483 2161 1546 2216 am
1563 2132 1707 2218 fistulae
1728 2133 1945 2218 barometri
1972 2139 2015 2228 in

494 2249 576 2332 hoc
592 2251 726 2332 'altero
754 2231 1065 2362 eriperimentali
1094 2252 1220 2334 modo
1250 2247 1482 2332 infunditur
1511 2246 1743 2330 Mercurius
1769 2249 1826 2332 ad
1859 2270 2014 2337 eertum

489 2357 648 2472 signum
669 2391 819 2474 usque,
840 2362 1002 2473 reliquo
1020 2364 1110 2446 tubi
1126 2364 1210 2446 aeri
1239 2361 1430 2446 naturalis
1458 2359 1720 2444 consistentiae
1741 2361 1907 2459 redito,
1933 2390 2017 2448 non

489 2477 616 2572 verri,
636 2496 688 2556 ¹ut
707 2477 750 2556 in
771 2480 979 2559 communi
998 2478 1315 2566 barometrorum
1335 2473 1631 2558 construslione
1649 2471 1738 2554 fieri
1756 2471 1883 2571 solet,
1900 2496 2017 2562 totus

462 2585 612 2684 ⁴tubus
632 2587 1110 2784 hydrarplproimpletum
1140 2589 1289 2673 dehinc
1307 2585 1465 2674 inverso
1484 2585 1813 2683 tub020bstruslo
1832 2592 1916 2698 ejus
1935 2590 2014 2672 orl-
2081 2613 2084 2619 ’
2210 2579 2211 2590 ¹

490 2695 607 2798 ficio,
618 2707 658 2782 ὃ(
677 2699 788 2783 derm
822 2729 848 2784 o
866 2698 972 2783 infra
990 2700 1245 2816 superficiem
1256 2701 1454 2784 Mercurii
1474 2700 1517 2782 in
1527 2698 1694 2783 uasculo
1711 2700 1891 2808 quodam
1906 2701 2012 2812 stag-

493 2811 649 2912 nantis,
676 2814 853 2923 aperitur
872 2813 1119 2897 obstrustum
1139 2811 1367 2912 orificium,
1395 2835 1441 2895 ut
1451 2811 1682 2896 Mercurius
1701 2812 1743 2893 in
1773 2813 1904 2896 fistula
1921 2841 2011 2897 vas-

459 2929 460 2932 ‘
489 2923 591 3004 culo
617 2927 1007 3035 perpendiculariter
1037 2925 1231 3009 insistenti
1258 2925 1498 3008 descendere
1518 2933 1671 3036 queat,
1700 2927 1775 3033 qui
1802 2955 1883 3008 non
1904 2947 2013 3012 totus

494 3035 665 3144 quidem
693 3065 744 3117 ex
771 3039 871 3121 tubo
899 3039 1036 3124 effluet
1047 3039 1140 3140 ‚sed
1166 3063 1300 3122 tamen
1320 3039 1516 3157 hqmilius
1534 3037 1573 3119 se
1590 3038 1634 3118 in
1650 3035 1784 3120 fistula
1801 3040 2013 3141 demittet,

484 3168 664 3258 propter
682 3161 814 3233 ae'rem
835 3149 976 3248 fistule:
995 3147 1296 3247 introductum,
1325 3179 1448 3260 quam
1469 3155 1511 3232 in
1539 3152 1767 3234 batometro
1783 3151 1988 3234 ordinario
1999 3198 2013 3253 ς

493 3285 547 3341 ex
567 3289 685 3371 quo,¹
704 3263 902 3371 quantum
922 3265 1010 3347 fieri
1032 3263 1188 3375 potest&
1216 3263 1346 3348 omnis
1366 3275 1434 3346 ar'e'r
1461 3263 1679 3376 diligenter
1704 3261 1870 3348 excludi
1898 3262 2014 3351 solet.

489 3369 586 3566 Lam
608 3369 637 3453 sr
657 3379 879 3485 mercurius
900 3376 975 3460 hac
997 3377 1232 3490 operatione
1249 3375 1380 3488 posita
1391 3435 1404 3476 ,
1416 3378 1468 3459 ad
1488 3376 1595 3459 illud
1615 3377 1748 3487 ipsum
1767 3374 1924 3490 signum
1944 3381 2015 3461 de-

535 3477 645 3568 bitur
653 3493 719 3584 ,δε
741 3488 784 3568 in
804 3515 854 3568 eo
882 3487 1076 3585 subfistit,
1106 3489 1148 3570 in
1170 3517 1254 3598 quo
1282 3488 1414 3600 ipsum
1443 3489 1645 3573 subsistere
1672 3489 1818 3572 debere
1836 3491 2015 3576 calculus
2057 3541 2063 3552 ·

486 3595 723 3696 indicavit,
742 3600 816 3708 qui
836 3601 878 3682 in
900 3599 1114 3714 hypothcsr
1134 3600 1354 3705 fundatur,
1374 3604 1490 3712 quod
1517 3601 1737 3688 densitates.
1757 3602 1834 3684 sint
1864 3605 2017 3688 viribus
2134 3611 2136 3616 ’

299 3693 302 3700 ’
413 3805 415 3812 Α
484 3711 858 3821 comprimentibus
889 3715 1248 3826 proportionales,
1270 3717 1426 3825 ⁴ecquis
1456 3717 1509 3798 de
1537 3715 1718 3810 bonitate
1747 3716 2085 3842 hypotheseos*

322 3855 356 3896 ··
485 3823 698 3934 ambiget?
728 3824 857 3938 Quod
874 3855 972 3909 vero
993 3825 1223 3911 Mercurius
1243 3829 1297 3912 ad
1316 3859 1362 3912 ea
1382 3827 1546 3938 praecise
1563 3825 1671 3940 signa
1690 3850 1915 3936 perveniat,
1924 3853 2016 3940 quae

361 4003 366 4012 .
484 3933 582 4045 ipse
599 3936 780 4021 calculus
799 3937 842 4018 in
862 3938 936 4022 hac
957 3963 1178 4026 memorata
1196 3938 1412 4054 hypothesi
1428 3941 1621 4026 fundatus
1651 3941 1936 4025 determinavit
1947 3943 2017 4040 ‚id

366 4151 370 4162 ι
496 4047 679 4148 constitit
699 4051 903 4134 Mariotto
921 4060 961 4134 &
977 4052 1065 4166 Jac.
1090 4055 1328 4139 Bernoullio
1350 4081 1401 4137 ex
1415 4107 1419 4120 ·
1431 4054 1775 4150 observationibus
1806 4055 2014 4139 accuratis.

347 4263 351 4269 .
484 4157 727 4270 'Quousque
745 4190 843 4246 vero
862 4164 1092 4248 Mercurius
1112 4167 1154 4248 in
1165 4168 1479 4277 praememoratis
1491 4165 1803 4250 circumstantiis
1812 4167 1852 4250 se
1868 4165 2016 4250 demit-

493 4291 582 4359 tere
598 4274 756 4386 deboet,
765 4275 1034 4361 manifestabit
1051 4281 1218 4390 sequens
1239 4279 1463 4364 Problema.
1759 4331 1768 4352 ·
1808 4361 1810 4368 Α
1948 4391 1952 4399 ¹
1996 4325 2023 4382 0

481 4473 484 4481 ’
563 4587 566 4592 .
679 4589 683 4594 .
740 4525 1201 4613 rn-orosrrro
1232 4527 1432 4613 xxiv.
1460 4483 1787 4614 'stomin

350 4713 465 4808 ficei}
550 4747 641 4835 349.
671 4717 794 4817 Datis
811 4707 1068 4838 atmosphaerae
1078 4713 1275 4842 pressione,
1288 4721 1337 4821 d
1356 4693 1588 4850 longitudine
1608 4721 1772 4834 alicujus
1780 4676 2018 4942 sstuzerrltg
2073 4745 2077 4752 ·
