4424 5728
509 408 529 466 2
686 353 1871 466 Dr.VirriusrrMorr‘tusCorrortuu.

458 613 465 628 ,
505 547 580 605 nec
600 520 746 632 quiex
763 549 813 604 eo
833 541 959 630 atque
979 521 1128 605 diurno
1156 519 1443 630 componitur,
1480 547 1555 604 nec
1584 515 1693 602 forte
1721 517 1807 630 ipse
1836 518 2036 624 diurnus,
2179 613 2181 620 ,

504 658 551 716 ut
580 633 767 716 nonnulli
796 631 1031 717 Astronomi
1057 631 1344 744 suspicantur,
1378 628 1558 744 perse&
1587 631 1806 742 aequabiim
1837 630 1930 720 sunt
1942 693 1956 735 ,
1981 665 2031 722 ac

406 821 410 832 .
502 770 721 859 propterea
741 743 823 828 noir
842 745 916 830 nisi
935 748 1130 858 temporis
1150 743 1382 856 apparentis
1403 743 1595 827 mensurae
1616 741 1693 826 effe
1713 741 1890 854 poffuut.
1929 749 2035 834 Ideo

431 872 437 882 ·
503 863 627 942 etiam
650 859 883 942 Astronomi
896 857 994 970 ,qui
1011 861 1206 970 temporis
1228 858 1315 940 veri
1336 863 1377 939 δι
1400 855 1612 966 aequabiiis
1640 855 2032 972 mensuramexqui.

481 993 599 1054 runt
608 1030 623 1071 ,
644 971 812 1054 subinde
841 999 893 1086 ap
925 997 1038 1054 arens
1069 991 1231 1082 tempus
1250 969 1305 1053 ad
1325 989 1513 1083 tempus,
1525 969 1642 1078 quod
1659 991 1810 1054 vocant
1828 973 2030 1072 medium,

505 1086 703 1196 quodque
722 1111 798 1195 pro
816 1087 883 1166 un'
907 1083 1011 1166 ormi
1032 1082 1179 1166 habent
1189 1081 1615 1182 ,reducereneceiium
1634 1081 1795 1168 habent.
1825 1081 1880 1166 Et
1900 1111 2029 1196 quan·

505 1223 629 1304 quam
652 1197 893 1307 Horologiis
912 1193 1170 1279 osciiltroriis
1180 1252 1196 1292 ,
1216 1216 1340 1306 prout
1358 1193 1414 1276 ad
1431 1191 1627 1306 insignem
1655 1191 1916 1305 perfeetionis
1933 1226 2028 1312 ,gra-

507 1309 605 1392 dum
639 1311 689 1393 ab
717 1309 914 1421 Hugenio
936 1307 1133 1420 perdum
1148 1305 1265 1406 sunt,
1294 1327 1484 1391 accurata
1502 1307 1590 1390 veri
1608 1303 1675 1388 seu
1694 1307 1907 1420 aequabilis
1926 1333 2031 1396 tem·

505 1423 617 1530 poris
637 1421 819 1504 mensura
837 1421 974 1504 haberi
996 1419 1108 1530 poffe
1128 1419 1466 1518 videtur,eorum
1487 1441 1623 1502 tamen
1641 1440 1776 1504 motus
1797 1421 2032 1508 Mathema-

504 1534 587 1616 tice
606 1537 786 1624 accurati
805 1541 846 1615 δι
866 1530 1090 1616 uniformes
1108 1529 1186 1616 eise
1195 1551 1400 1643 nequeunt
1411 1558 1516 1632 ,non
1539 1529 1708 1642 quidem
1726 1533 1783 1618 ob
1830 1535 2053 1655 rincipio--

504 1673 594 1728 rum
606 1645 810 1730 defectum
820 1647 888 1744 ,in
908 1645 1056 1758 quibus
1078 1643 1325 1730 construitio
1341 1671 1481 1730 eorum
1499 1639 1671 1732 fundata
1690 1643 1770 1746 e'st,
1797 1561 1868 1730 iod
1886 1648 1940 1732 ob
1955 1649 2031 1734 de-

502 1755 655 1842 fertum
673 1759 953 1858 executionis3
982 1757 1139 1842 constat
1155 1759 1265 1842 enim
1287 1757 1493 1844 machinas
1629 1784 1723 1840 uam
1741 1760 1785 1844 irt
1806 1756 1956 1846 ultimo
1967 1763 2031 1845 ri-

463 1901 467 1908 ·
505 1895 605 1982 gore
622 1873 721 1956 tales
739 1875 870 1983 parari
889 1867 1023 1982 porse,
1050 1871 1189 1983 quales
1208 1871 1366 1955 theoria
1387 1867 1574 1956 construe
1607 1866 1611 1872 ’
1686 1871 1802 1982 jubet
1821 1927 1837 1972 ,
1864 1875 1962 1984 quia
1982 1875 2030 1958 in

502 1984 661 2078 theoria
680 1985 731 2068 ab
748 1985 833 2068 illis
849 1983 1154 2096 impedimentis
1170 1981 1630 2094 atqueaeircumstmtiis
1645 2003 1805 2068 tantum
1824 2013 1910 2070 non
1928 1984 2032 2070 sem·

503 2122 577 2206 per
597 2097 772 2180 abstrahi
793 2095 896 2179 solet
907 2151 922 2194 ,
948 2121 1041 2206 quae
1061 2117 1196 2178 tamen
1214 2099 1258 2178 iu
1277 2095 1364 2206 ipsa
1383 2095 1501 2208 praxi
1522 2121 1731 2206 nunquam
1752 2097 1879 2183 abeffe
1896 2097 2028 2186 solitae

503 2207 595 2294 sunt
604 2267 618 2308 ,
646 2206 866 2292 success'um
885 2209 1082 2292 machinae
1099 2207 1438 2292 accuratiffimum
1458 2208 1701 2314 eludentes..
1983 2281 1985 2288 ,

562 2323 599 2406 6.
629 2321 673 2402 Si
693 2321 821 2416 fluens
840 2317 1019 2404 nostrum
1068 2323 1339 2426 unitummut
1357 2323 1640 2433 etiamcorpus
1658 2319 2031 2434 quodvis,unifor·

378 2425 383 2434 ’
503 2429 563 2510 mi
586 2431 698 2540 paffu
716 2434 896 2530 incedit,
906 2435 1023 2544 periu
1094 2463 1142 2520 ac
1164 2458 1416 2518 momentum
1435 2431 1910 2546 temporis·uniformiter
1930 2429 2032 2523 flue·

376 2537 391 2564 ⁹
504 2569 547 2628 re
563 2542 834 2658 intelligitur,
860 2569 959 2630 tunc
990 2568 1125 2632 motus
1154 2547 1297 2658 puniti
1329 2547 1397 2632 vel
1427 2573 1609 2658 corporis
1628 2575 1662 2628 ι
1761 2547 1827 2630 itis
1844 2573 2030 2634 vocatur.

506 2650 563 2754 Et
584 2655 661 2742 iter
682 2657 749 2741 seu
769 2658 1113 2772 longitudo,quae
1131 2661 1253 2742 etiam
1271 2659 1446 2770 spatium
1464 2659 1604 2744 vocari
1624 2657 1669 2742 so
1708 2679 1726 2742 t
1745 2681 1863 2744 motu
1882 2688 2033 2776 corpu·

504 2768 558 2848 ris
568 2766 816 2882 descriptum
826 2772 904 2868 ,ad
920 2771 1092 2854 trastum
1114 2774 1308 2882 temporis
1330 2775 1358 2856 i
1376 2773 1528 2856 fluente
1545 2792 1753 2856 momento
1764 2773 1918 2857 interea
1930 2803 2031 2860 con·

503 2876 655 2962 sethim
665 2937 681 2977 ,
709 2885 788 2978 hoc
808 2883 865 2968 est
876 2939 890 2982 ,
918 2884 972 2966 ad
990 2904 1073 2968 tem
1105 2911 1154 2968 us
1172 2884 1335 2968 lationis
1355 2885 1608 2998 applicatum
1642 2884 1709 2967 seu
1726 2885 1906 2970 divisum
1925 2888 2033 2975 Cele-

441 3045 447 3052 -
506 2994 605 3072 ritas
623 2993 692 3076 vei
712 2995 924 3096 Velocitirs,
951 2996 1074 3108 appel
1133 3023 1194 3080 ur.

561 3127 599 3208 7,
624 3105 705 3203 Id,
732 3110 848 3220 quod
868 3135 1015 3220 corpus
1037 3105 1266 3192 ad'motum
1287 3105 1495 3204 concitat,
1516 3103 1584 3190 seu
1603 3133 1659 3192 ert
1679 3135 1766 3218 quo
1783 3129 1919 3198 motus
1940 3112 2035 3196 τοῖς

265 3317 269 3325 .
373 3273 375 3278 .
444 3311 446 3318 Ι
507 3217 619 3324 poris
638 3217 824 3321 resultat,
852 3222 899 3304 id
918 3221 974 3302 est
992 3248 1079 3330 quo
1096 3219 1233 3331 positu
1266 3222 1437 3332 ponitur
1462 3243 1597 3303 motus
1619 3221 1824 3340 corporis,
1854 3247 2032 3330 uocatur

508 3331 578 3408 Vis
594 3336 763 3430 mirtrix,
791 3361 882 3442 quae
903 3333 1039 3416 dividi
1050 3332 1210 3444 potest,
1234 3331 1276 3414 in
1287 3335 1448 3440 ,lavam
1465 3339 1506 3430 ὃ(
1525 3333 1740 3417 Mortuum.
1779 3417 1781 3422 .

563 3444 600 3524 8.
630 3445 702 3526 Vis
717 3449 819 3529 viva
838 3445 919 3543 est,
945 3473 1037 3556 quae
1058 3472 1152 3528 cum
1174 3464 1290 3528 motu
1319 3443 1473 3530 actuari
1493 3445 1707 3556 conium&
1725 3444 1792 3530 est.
1850 3443 1918 3530 Sic
1938 3473 2033 3538 εοῐ-λ

505 3577 605 3660 pus,
626 3557 744 3665 quod
763 3558 861 3640 dato
881 3579 1070 3671 tempore*
1082 3557 1219 3644 datam
1240 3555 1389 3644 lineum
1409 3555 1670 3658 transmittit,
1697 3560 1743 3643 ui
1764 3557 1865 3642 viva
1879 3561 2034 3670 pardi·-

501 3683 593 3764 ,tum
611 3667 777 3764 dicitur.
869 3659 884 3690 ⁰
1474 3731 1476 3736 -
1511 3729 1531 3772 .
1781 3665 1792 3704 ·’
1832 3687 1841 3704 ·

540 3841 542 3848 ι
560 3803 601 3884 9.
630 3783 700 3862 Vis
719 3782 886 3864 Mortua
902 3781 1001 3864 veri)
1018 3779 1075 3865 est
1085 3811 1160 3883 ,ex
1178 3807 1260 3893 qua
1279 3780 1413 3864 nuilus
1425 3779 1735 3868 motusattualjs
1754 3777 1917 3864 resultat
1927 3839 1941 3879 ,
1953 3781 2030 3868 nisi

502 3886 755 3998 aliquamdiu
775 3893 818 3974 in
839 3917 1011 4004 corpme
1027 3898 1262 3978 continuata
1282 3893 1350 3976 vel
1370 3891 1567 4002 replicata
1587 3891 1722 3979 fuerit.
1753 3893 1872 3978 Talis
1881 3897 1946 3977 vis
1963 3893 2027 3979 fo·-

501 4019 562 4082 ret
581 4003 723 4086 urricus
743 4025 901 4104 tantum
920 4007 1133 4115 gravitatis
1155 4005 1353 4118 impulsus
1374 4004 1497 4087 nullis
1517 4007 1608 4092 aliis
1627 4009 1667 4089 ei
1695 4005 2002 4092 succedentibus
2013 4067 2029 4110 ,

357 4143 360 4151 2
503 4106 654 4196 eteriim
672 4143 753 4198 non
765 4174 779 4214 ,
792 4117 864 4198 nist
886 4118 977 4228 post
997 4119 1180 4204 infinitos
1200 4122 1366 4203 demum
1388 4119 1598 4230 gravitatis
1629 4117 1733 4204 istus
1761 4118 2027 4205 indefineuter
2074 4149 2076 4152 ·

482 4223 796 4335 ‘replicatosseu
814 4229 920 4314 'unos
941 4232 1031 4318 aliis
1051 4234 1244 4316 continue
1252 4231 1513 4321 succedentes
1520 4251 1678 4332 ,metus
1696 4228 1888 4315 sensibilis
1907 4237 2026 4344 gravi

503 4339 740 4448 acquiritur.
792 4341 859 4424 Sic
881 4347 1002 4428 etiam
1037 4363 1204 4428 conatus
1236 4341 1456 4456 centrifugi
1475 4371 1529 4428 ex
1546 4343 1735 4428 circulari
1753 4366 1869 4426 motu
1888 4345 2031 4428 oriun-

501 4447 803 4560 di,periudeac
827 4456 1038 4563 gravitatis
1057 4453 1279 4568 impulsus,
1307 4454 1445 4537 fistunt
1464 4455 1700 4569 exemplum
1720 4456 1787 4538 vis
1805 4475 1987 4539 mortuae.

560 4589 621 4644 10.
651 4563 823 4674 Majoris
837 4566 1107 4654 diffinitionis
1117 4569 1248 4681 gratia
1258 4567 1360 4654 Vim
1372 4568 1525 4654 Vivam
1538 4566 1778 4680 simpliciter
1786 4567 2031 4665 Vim‚Mor-

499 4691 611 4754 tuam
630 4678 730 4760 verti
749 4677 1025 4794 cujuscunque
1043 4681 1398 4799 demumgenetis
1416 4679 1566 4783 fuerit,
1593 4677 1890 4767 Solicitatirnem
1919 4679 2033 4798 post·
2076 4705 2094 4732 ·'

500 4785 578 4868 hac
596 4791 849 4877 voctbirtrus.
1241 4815 1248 4884 ,·
1781 4897 1784 4904 Δ
1920 4805 1954 4989 'P

1810 4964 1814 4972 .
1843 4979 1846 4986 ι
1956 4932 2030 4988 1⁸ae-
