4486 5730
298 377 382 480 Du
414 397 674 484 Vrrtraus
704 359 774 476 Ὲιτ
801 387 1083 473 Morrnus
1113 377 1618 470 Connouuu.Lrs.I.
1648 375 1736 490 '113

206 519 444 619 elasticitate
463 535 637 648 praedita
655 560 737 616 non
757 529 863 630 sunt,
875 531 991 642 quod
1010 529 1219 642 particulae
1241 521 1632 635 eorumcompreffae
1651 516 1732 600 sese

208 645 253 726 in
272 647 487 757 pristinum
506 647 652 730 statum
669 644 875 748 restituere
887 673 977 726 non
997 643 1158 726 valeant
1165 701 1181 746 ,
1206 668 1344 726 eorum
1364 636 1503 720 saltem
1534 635 1731 717 elementa

210 755 389 870 perfeste
409 759 571 844 elastica
594 758 672 842 esse
690 777 848 868 queunt
854 759 905 855 ,a
924 785 1011 867 quo
1028 755 1239 840 statuendo
1258 750 1391 836 nullus
1414 775 1464 832 ex
1482 745 1745 870 prtcst'antioj¹

211 872 319 956 ribus
337 873 565 958 Geometris
586 873 704 982 hujus
725 872 804 954 dvi
822 871 1034 954 abhorrere
1051 870 1226 952 videtur.
1277 867 1432 950 Verum
1451 859 1657 971 quicquid
1675 883 1735 938 rer

211 983 283 1083 fit,
307 1007 491 1068 revertor
511 984 565 1066 ad
583 1012 753 1096 corpora
771 982 945 1082 astuosa,
954 1009 1129 1094 quorum
1149 983 1212 1066 vis
1231 976 1412 1062 absoluta
1438 973 1579 1056 eadem
1601 989 1735 1054 manet

212 1099 258 1180 vi
275 1099 393 1210 hujus
414 1094 740 1212 hypotheseos‚li
762 1121 978 1178 commune
995 1121 1133 1178 eorum
1155 1115 1348 1178 centrum.
1359 1087 1569 1201 gravitatis
1588 1084 1740 1166 adean-

212 1209 309 1292 dem
336 1209 595 1294 altitudinem
622 1235 668 1321 cg
695 1208 875 1292 ascendit
905 1209 995 1320 post
1025 1207 1300 1303 conflistum,
1337 1229 1389 1284 ex
1420 1227 1502 1310 qua
1530 1193 1740 1305 delapsum

213 1342 299 1404 erat
315 1345 409 1405 ante
428 1322 639 1408 occursum
658 1349 797 1405 eorum
808 1380 822 1420 ,
849 1324 929 1406 hoc
953 1321 1009 1406 est
1020 1380 1034 1420 ,
1060 1321 1202 1432 positis
1224 1341 1316 1430 quae
1345 1313 1464 1425 supra
1491 1310 1553 1422 (§.
1570 1310 1686 1422 216.)
1708 1303 1738 1401 fi

217 1459 237 1516 c
268 1433 417 1522 :GG
1173 1489 1177 1496 -

227 1461 363 1660 ιςη9.
393 1546 514 1632 Vires
535 1544 735 1630 absolutas
756 1573 974 1659 corporum
1003 1545 1241 1632 aestimamus
1253 1549 1374 1658 juxta
1399 1535 1661 1656 altitudines,
1687 1531 1741 1614 ad

216 1687 316 1770 quas
333 1661 537 1743 retardato
555 1659 627 1742 suo
649 1659 672 1740 a
693 1661 894 1770 gravitate
910 1679 1026 1742 motu
1044 1661 1274 1770 pertingere
1292 1655 1455 1769 possunt
1464 1711 1478 1753 ‚
1490 1649 1558 1733 vel
1577 1668 1738 1732 accura·
1804 1646 1812 1674 '

217 1773 298 1855 tius
316 1801 389 1885 per
406 1770 514 1854 fasta
532 1799 585 1854 ex
605 1769 668 1853 his
691 1770 977 1854 altitudinibus
995 1771 1038 1852 in
1059 1769 1199 1854 massas
1230 1797 1470 1881 corporum3
1498 1767 1542 1847 in
1572 1763 1648 1846 hac
1676 1759 1739 1843 vi-

136 1889 140 1896 ’
219 1884 324 1970 rium
351 1885 614 1978 aestimatione
642 1904 890 1995 praeeuntem
919 1883 1108 1968 habemus
1128 1881 1257 1966 Illust.
1281 1877 1631 1985 Leibnitium,·qui
1649 1901 1741 1958 ean·

217 1997 312 2082 dem
333 2026 416 2082 non
434 2025 517 2079 uno
534 1997 630 2080 loco
649 1999 693 2078 in
712 1994 1103 2084 AdtisEruditorum
1116 1994 1227 2106 Lips.
1246 1993 1446 2078 indicavit
1465 1990 1649 2101 quidem,
1660 2014 1742 2070 non

217 2132 354 2193 tamen
365 2109 670 2208 demonstravit,
681 2107 752 2193 etsi
773 2109 1008 2222 apodistice
1028 2098 1290 2192 demonstrari
1307 2105 1455 2220 potest,
1465 2099 1639 2207 utqsorte
1666 2094 1753 2182 alia·

216 2221 265 2306 id
283 2223 493 2309 occasione
512 2221 777 2308 ostendemus.
833 2223 878 2306 N
882 2251 936 2306 on
957 2224 1104 2336 ignoro
1122 2224 1330 2335 perplures
1361 2220 1439 2304 esse
1462 2211 1746 2327 insignissimos

219 2335 345 2434 viros,
355 2337 502 2448 quibus
525 2336 616 2420 talis
635 2335 742 2418 vires
773 2337 996 2422 aestimandi
1021 2337 1127 2418 ratio
1157 2362 1239 2418 non
1260 2329 1743 2430 arrideat,existimantes
1874 2360 1878 2374 ·

219 2445 309 2532 eam
330 2453 352 2532 d
373 2447 669 2561 quantitatibus
690 2471 824 2534 motus
845 2452 1064 2562 petendam
1083 2448 1170 2532 esse.
1197 2447 1338 2534 Celeb.
1362 2449 1539 2561 Papinus
1559 2446 1650 2530 sane
1670 2447 1745 2531 diu

98 2637 106 2651 .
212 2561 479 2675 ,multumque
496 2591 590 2646 cum
617 2561 827 2645 Leibnitio
847 2563 1057 2675 disputans
1075 2563 1249 2645 rotunde
1268 2563 1434 2675 negavit
1454 2588 1524 2675 cor
1557 2588 1672 2643 orum
1682 2563 1744 2643 vi·

219 2701 279 2758 res
296 2675 601 2773 altitudinibus,
613 2699 714 2785 quas
736 2705 909 2787 corpora
927 2675 1179 2759 ascendendo
1208 2674 1409 2758 conficere
1437 2589 1623 2786 possint,
1651 2702 1747 2786 pro·

221 2788 468 2900 portionales
489 2787 589 2887 esse3
617 2787 719 2898 quin
732 2788 817 2870 imo
826 2788 932 2872 vires
950 2817 1014 2872 eas
1035 2787 1285 2900 temporibus
1297 2787 1606 2901 ‘proportionari
1614 2808 1748 2898 putat,

223 2901 370 3010 quibus
391 2900 628 2983 altitudines
648 2902 774 2984 modo
794 2903 1008 2984 nominatae
1029 2901 1290 2984 absolvuntur
1312 2901 1379 2984 vel
1410 2904 1532 2984 etiam
1563 2901 1744 2984 celerita-

224 3013 330 3096 tibus
352 3013 575 3097 initialibus
594 3013 808 3098 mobilium
828 3015 1058 3125 aequalium.
1104 3013 1186 3098 Sed
1204 3015 1248 3094 in
1266 3015 1478 3125 probando
1498 3013 1576 3098 hoc
1597 3011 1668 3096 suo
1689 3013 1747 3096 as-

223 3124 328 3208 serto
346 3127 530 3210 incautus
553 3127 701 3210 labitur
721 3126 830 3240 ipse,
850 3129 1101 3240 principium
1121 3125 1314 3212 assumens
1340 3151 1479 3239 aperte
1508 3125 1652 3210 salsum
1664 3171 1676 3226 3
1706 3135 1747 3210 &

223 3239 575 3351 hoc'principium
594 3236 739 3323 salsum
771 3239 851 3338 est,
880 3246 995 3352 quod
1023 3239 1225 3326 enstfmet
1256 3270 1428 3354 corpora
1458 3268 1551 3330 cum
1580 3239 1749 3327 diverfis

226 3351 512 3438 velocitatibus
535 3351 757 3434 initialibus
777 3352 1032 3438 ascendentia
1053 3355 1251 3464 aequalem
1272 3358 1295 3438 ὲ
1315 3357 1515 3468 gravitate
1536 3353 1631 3466 ipsrs
1659 3352 1749 3436 resr-

225 3464 351 3550 stente
370 3467 525 3550 istuum
543 3491 753 3548 numerum
771 3490 992 3580 exceptura
1011 3469 1088 3552 else
1107 3469 1357 3578 temporibus
1377 3466 1611 3578 equalibus.
1669 3465 1773 3549 Sed'

221 3577 254 3690 si
274 3578 408 3689 plures
431 3577 780 3661 dostiGeometrae
792 3581 1080 3691 ,praejudicati
1097 3583 1293 3692 opinione
1313 3577 1539 3664 communis
1567 3580 1673 3662 vires
1692 3607 1743 3660 τε·

174 3691 192 3729 “
227 3691 417 3774 stimandi
438 3691 605 3773 rationis
635 3719 708 3803 per
737 3694 1007 3802 quantitatem
1034 3713 1170 3778 motus
1197 3693 1374 3792 detenti,
1404 3691 1562 3776 anobis
1589 3691 1748 3775 diversa

223 3802 424 3900 sentiunt,
438 3803 597 3908 adsunt
615 3824 754 3888 tamen
768 3806 838 3886 alii
859 3807 1073 3890 acutissimi
1092 3805 1317 3890 Geometrae
1329 3808 1428 3918 ‚qui
1451 3805 1747 3889 Leibnitianam
1821 3843 1826 3846 ·

225 3916 337 3998 ultro
354 3917 601 4013 admittunt,
630 3921 732 4026 quin
753 3917 838 4000 imo
851 3923 934 4030 jam
957 3941 1049 4005 ante
1068 3921 1297 4032 complures
1316 3917 1440 4003 annos
1464 3919 1509 4001 N
1513 3920 1577 4000 ob.
1600 3917 1744 4030 Huge-

223 4031 314 4112 nius
333 4028 473 4113 eadem
494 4030 800 4155 quodammodo
819 4029 911 4116 usus
928 4033 984 4116 est
1005 4036 1048 4115 in
1067 4032 1471 4116 demonstrationibus
1502 4030 1659 4114 suarum
1686 4059 1746 4113 re·

225 4143 410 4255 gulamm
431 4165 566 4226 motus
584 4169 635 4223 ex
656 4143 933 4254 percuffione,'
954 4146 1151 4258 principii
1171 4146 1265 4229 loco
1281 4146 1323 4229 in
1354 4143 1418 4229 iis'
1433 4145 1626 4230 assumens
1639 4203 1652 4243 ‚
1665 4171 1747 4226 non

223 4255 335 4366 posse
355 4283 569 4339 commune
588 4277 771 4338 centrum
794 4259 1003 4370 gravitatis
1024 4267 1243 4370 corporum
1262 4259 1366 4342 inter
1387 4257 1426 4341 se
1438 4257 1670 4344 collisorum
1689 4257 1746 4340 al-

223 4370 304 4452 tius
324 4367 536 4452 ascendere
554 4367 645 4480 post
673 4369 1045 4482 occursum‚quam
1076 4369 1335 4454 descenderat
1363 4393 1455 4454 ante
1482 4371 1719 4455 conflistum
1733 4415 1748 4468 5
1842 4397 1845 4402 ·

225 4509 307 4563 non
325 4503 459 4572 tamen
478 4479 675 4593 supponit
696 4481 900 4566 ascensum
931 4483 1061 4569 centri
1090 4484 1312 4596 gravitatis·
1334 4483 1541 4568 descensui
1569 4481 1749 4595 ejusdem

224 4595 421 4702 :equalem
441 4591 517 4678 effe
529 4639 541 4695 3
554 4594 651 4677 alias
670 4623 769 4678 vero
789 4594 963 4681 affumslt
973 4595 1232 4712 hypotheses,
1242 4597 1642 4710 quaeaquivalentes
1660 4592 1753 4676 sunt

224 4707 367 4790 nostrae
387 4709 439 4790 de
458 4710 690 4816 equalitate
710 4706 889 4794 ascensus
912 4732 1036 4819 atque
1064 4708 1273 4793 descensus
1294 4713 1422 4794 centri
1443 4709 1652 4823 gravitatis
1664 4708 1755 4818 post

131 4898 143 4916 .
224 4831 267 4908 &
288 4839 382 4904 aute
401 4821 641 4906 conflictum
662 4850 893 4933 corporum.
944 4823 1110 4907 Idcirco
1130 4824 1208 4908 hac
1228 4823 1363 4932 nostra
1389 4811 1606 4939 hypothesi
1626 4819 1758 4933 posita

1641 4959 1758 5044 regu·
1799 5031 1802 5036 Ι

1075 5136 1103 5175 '0
