4486 5730
312 363 693 476 Divinitas
720 383 796 446 nn
823 297 1109 445 Marinus
1137 349 1670 450 ConnonuoaLrnlL
1704 377 1780 471 145

796 631 1236 716 Senoiron
1387 685 1388 690 κ

106 909 111 922 ,
300 853 401 940 227.
430 829 498 914 Ut
515 827 623 914 usus·
637 827 957 940 praecedentium
988 825 1218 940 regularum
1237 825 1485 926 innotescat,
1508 853 1635 914 unum
1661 846 1788 939 atque

244 942 424 1028 alterum
452 941 690 1056 exemplum
720 941 862 1026 afferre
889 940 1001 1026 libet'.
1060 939 1313 1054 Exempl.1.‘
1344 942 1415 1024 Ad
1437 941 1608 1026 Calcem
1632 941 1786 1054 Operis
1807 1029 1812 1036 ,
1862 1029 1873 1050 ‚
1940 982 1955 1016 ο

244 1058 543 1142 nonnullorum
562 1055 795 1176 Academi&
820 1059 927 1171 Rag.
960 1053 1084 1154 Paris.
1107 1057 1388 1160 „scientiarum
1411 1046 1642 1154 sociorum:
1670 1055 1789 1166 quod

254 1170 523 1270 inscribitur,
548 1170 701 1256 Divos
731 1171 938 1284 Ouvrages
964 1167 1009 1254 da
1038 1170 1350 1299 Mathematique
1379 1164 1428 1262 ό
1456 1168 1501 1252 de
1528 1168 1714 1282 Phffique
1741 1168 1788 1254 de

179 1321 187 1332 ·
255 1282 457 1393 Meffieuts
478 1281 530 1370 de
557 1281 792 1372 t’Academa
816 1283 958 1398 Royale
978 1280 1258 1476 defferens,
1294 1301 1407 1366 extat
1438 1275 1786 1377 dissertatiuncula

257 1397 401 1482 Celeb.
425 1396 526 1481 Olai
543 1398 717 1484 Romeri
734 1399 925 1493 PaniDe
945 1395 1030 1478 Cra
1062 1397 1134 1478 itie
1150 1407 1194 1481 ὃ(
1209 1399 1379 1486 Viribus
1396 1397 1586 1478 tuborum
1596 1397 1638 1478 in
1649 1424 1784 1507 aquae·
1844 1425 1883 1501 p

255 1510 470 1610 dutinus,
496 1510 719 1596 secundum
738 1485 1116 1624 diiersassontium
1144 1512 1404 1608 altitudines,
1431 1509 1695 1622 diversasque
1720 1531 1784 1594 tu·

255 1624 400 1710 borum
420 1625 664 1723 diametros,
675 1625 719 1706 in
739 1633 821 1736 qua
839 1622 1115 1708 dissertatione
1131 1621 1205 1708 sol.
1219 1651 1313 1737 517.
1333 1625 1504 1712 relatum
1522 1624 1698 1738 legitur,
1715 1641 1785 1706 tu·

255 1731 352 1824 bum
370 1737 609 1849 plumbeum
630 1737 821 1822 diametri
855 1740 905 1822 16
933 1736 1169 1848 pollicum,
1205 1767 1300 1824 cum
1328 1737 1498 1823 crassitie
1528 1741 1570 1842 6÷
1590 1739 1788 1822 linearum

257 1847 391 1960 (linea
409 1851 487 1965 ipsi
506 1852 568 1944 est
590 1868 666 1934 12¹.
686 1849 852 1964 pollicis
876 1851 944 1936 vel
965 1875 1072 1959 144⁸.
1093 1850 1210 1960 pedis
1231 1849 1455 1938 Parisiensis
1475 1854 1592 1967 pars)
1622 1851 1795 1964 prellio-'

256 1966 302 2046 ni
320 1992 437 2075 aquae
458 1989 512 2077 50
533 1963 686 2080 pedum
706 1967 750 2048 in
768 1963 986 2049 altitudine
1006 1961 1251 2050 sufficienter
1267 1964 1451 2050 restitisse
1470 1965 1514 2045 i'n
1532 1967 1802 2076 experimen-”
1928 2055 1939 2076 .

255 2077 1164 2304 m
1177 2068 1802 2284 armanum
1920 2080 1939 2120 ·

253 2297 374 2388 beriti
396 2331 445 2386 10
466 2305 715 2420 digitorum,
741 2326 791 2390 ut
807 2333 923 2418 aquae
945 2305 1261 2417 pressionem4o
1282 2307 1435 2420 pedum
1454 2304 1633 2419 perferre
1651 2309 1805 2418 queat.¹

259 2417 409 2508 Carion
429 2419 634 2508 articulis
654 2420 827 2532 perioris
850 2446 925 2532 275
951 2419 1168 2531 quaesti'oni
1185 2419 1301 2514 illico
1318 2417 1562 2517 satisfaciet,
1585 2447 1679 2504 cum
1707 2420 1788 2505 boc
1942 2466 1948 2479 ·

257 2528 353 2620 cabi
370 2529 559 2624 crailities
576 2448 655 2624 sini
673 2556 722 2616 ut
740 2531 974 2647 ranaiguia
1002 2562 1076 2645 per
1107 2521 1253 2642 axem„
1268 2563 1370 2621 nain
1397 2535 1441 2617 iri
1471 2535 1571 2618 tubo
1602 2530 1788 2638 observa·
1820 2587 1846 2633 0

256 2643 859 2762 tionismultiplicandoaquae
879 2648 1141 2732 altitudinem
1161 2673 1214 2760 50
1232 2649 1387 2760 pedum
1405 2649 1449 2730 in
1459 2648 1701 2750 diametrum
1723 2666 1787 2729 tu-

258 2755 301 2838 bi
316 2761 376 2844 ·16
389 2759 620 2869 pollicum,
648 2760 895 2871 produtrum
917 2765 998 2848 800
1015 2754 1579 2986 denomt⁴reslangulumffer
1605 2760 1793 2848 artemia

257 2869 359 2956 tubo
377 2869 693 2972 observationis,
722 2882 763 2962 dt
783 2875 975 2959 ducendo
991 2875 1253 2960 altitudinem
1271 2905 1388 2987 aquae
1408 2901 1464 2983 40
1516 2871 1792 2959 edumindia-'

259 3003 507 3080 metrumro
525 2985 727 3098 pollicum
744 2988 1016 3102 alteriustubi
1037 2991 1253 3100 proveniet
1272 3018 1357 3098 400
1378 3017 1455 3101 pro
1471 2986 1707 3097 restingulo
1714 3013 1791 3098 per

260 3121 378 3192 axem
396 3100 439 3180 in
458 3099 539 3184 lioc
561 3102 686 3200 tubo,
714 3103 831 3210 quod
850 3130 945 3186 cum
965 3101 1076 3185 illius
1099 3107 1181 3187 800
1200 3115 1361 3205 tantum
1380 3102 1601 3186 dinridirim
1621 3099 1693 3199 sit,
1712 3099 1791 3184 liu·

253 3210 319 3320 jus
339 3211 430 3308 tubi
450 3211 772 3325 crassiti'esjuxta
801 3242 996 3320 canonem
1025 3236 1187 3307 tantum
1216 3215 1391 3303 dimidia
1419 3217 1497 3300 erit
1523 3214 1715 3304 crassitiei
1745 3213 1788 3296 in

260 3324 363 3408 tubo
381 3323 689 3428 observationis,
699 3354 791 3440 quae
810 3351 894 3412 erat
913 3333 956 3430 bs
974 3329 1212 3432 linearum,
1228 3356 1327 3443 ergo
1346 3329 1513 3442 quaesita
1530 3329 1693 3424 alterius
1722 3348 1787 3412 tu·

261 3435 305 3520 bi
327 3437 531 3528 crassr'ties
559 3443 638 3526 erit
659 3461 828 3526 tantum
859 3469 901 3552 34
923 3444 1152 3544 linearum,
1187 3443 1284 3530 loco
1300 3469 1346 3554 44
1363 3443 1435 3525 lin.
1467 3443 1505 3526 c‘
1528 3445 1790 3551 citer,quam

133 3644 141 3659 ,
263 3547 563 3636 Dn-Romerus
580 3576 802 3667 repererat,
831 3557 930 3665 quia
949 3556 1185 3644 resistentias
1206 3559 1397 3640 tuborum
1415 3555 1482 3641 sta'
1522 3557 1555 3638 it
1574 3554 1789 3638 elleindu-
1912 3615 1915 3620 ·

229 3741 232 3748 ,
264 3663 420 3773 plicata
430 3668 586 3752 ratione
597 3668 857 3755 craffitiemm
869 3671 1025 3754 caeteris
1044 3669 1307 3754 existentibus
1328 3670 1513 3780 paribus„
1541 3696 1642 3780 quas
1669 3667 1794 3782 supra¹

263 3777 307 3864 in
327 3779 605 3890 propositione
620 3802 791 3896 apparet
810 3778 887 3864 esse
905 3781 949 3866 in
970 3780 1155 3895 simplice
1174 3801 1256 3866 non
1273 3781 1487 3894 duplicata
1502 3781 1574 3865 illa
1594 3783 1762 3864 ratione.

267 3961 271 3972 .
316 3895 411 3999 278.
439 3890 614 4010 Exempl.
636 3895 694 3980 ΙΙ.
723 3891 947 3979 Mariottus
967 3895 1126 3994 censet,
1152 3919 1201 3979 ut
1230 3895 1401 3980 habetur
1417 3896 1461 3976 in
1479 3895 1625 3980 eodem
1648 3894 1791 4008 Opere
1816 3951 1819 3959 -

259 4004 379 4112 quod
392 4005 440 4098 in
459 4007 715 4096 antecedenti
732 4007 924 4120 exemplo
945 4010 1168 4092 memoravi
1189 4005 1383 4120 solr513,
1420 4008 1564 4092 tubum
1594 4011 1791 4122 c'up'reum
1837 4054 1839 4058 .

258 4113 327 4200 sex
346 4116 548 4230 pollicum
569 4123 612 4205 in
631 4121 832 4224 diametro
854 4146 970 4229 aquae
992 4121 1236 4231 pressionem
1257 4141 1310 4232 30
1331 4119 1483 4232 pedum
1495 4119 1678 4233 ¹perferre
1698 4121 1791 4234 pos-

258 4227 298 4311 se
312 4257 412 4314 cum
433 4231 609 4324 crassitie
627 4232 811 4328 dimidia
829 4230 960 4316 lineae.
1009 4235 1212 4326 Ponamus
1243 4235 1313 4318 has
1333 4235 1523 4318 tuborum
1545 4233 1727 4347 plumbei
1748 4241 1790 4340 ὃς

56 4452 60 4460 ⁴
259 4346 403 4456 cuprei
417 4341 657 4437 resistentias
686 4374 802 4456 aquae
830 4345 1098 4456 pressionibus
1128 4347 1294 4458 praecise
1314 4349 1500 4458 aquati,
1526 4347 1789 4433 invenienda-

168 4553 181 4578 ·
267 4549 271 4558 .
290 4484 341 4540 uc
358 4457 407 4539 fit
426 4458 893 4571 proportiotenacitatis
914 4459 1075 4571 plumbi
1094 4469 1139 4546 bt
1158 4460 1291 4572 cupri.
1320 4461 1372 4544 ln
1387 4457 1564 4544 formula
1581 4460 1790 4567 superiore

259 4481 323 4674 sb
338 4574 455 4684 276.)
476 4570 581 4658 elisis
605 4573 631 4656 S
653 4579 693 4656 ὅτ
714 4601 732 4656 s
753 4594 901 4687 utpote
920 4573 1681 4685 aequalibusprovenitTrt:(M.D:
1696 4575 1786 4688 C):

260 4677 399 4796 (m.d:
412 4687 473 4798 c).
504 4687 575 4769 ubi
593 4687 824 4796 majuscula
846 4687 900 4772 ad
913 4689 1066 4782 ,tubum
1084 4687 1338 4799 plumbeum,
1353 4689 1593 4772 minusculae
1611 4689 1710 4770 verb
1738 4685 1791 4770 ad

227 4837 231 4843 ·
254 4822 454 4908 cupreum
484 4797 716 4912 pertinent,
741 4799 838 4928 binc
871 4799 1099 5000 subrogartis
1122 4799 1398 4904 ,ordrieloco
1426 4799 1501 4902 M,
1531 4801 1595 4902 D,
1625 4799 1690 4900 C,
1719 4811 1814 4883 nu·-

1639 4991 1645 5001 .
1674 4939 1794 4998 meris
