4486 5730
315 469 317 474 ,
454 291 484 434 ‚⁶
515 375 568 462 86
623 355 982 469 Dn'Vrrunnp
1014 385 1082 446 nr
1110 359 1383 446 Mor-snus
1412 353 1755 445 Conponunt.
1786 315 1929 446 innl.

511 504 676 590 tudines
695 501 999 588 oscillationem
1018 495 1244 610 equalibus
1262 492 1516 608 temporibus
1535 492 1788 605 perastamm
1806 519 1925 582 erunt
1941 525 2040 612 pro.

459 675 468 692 .
511 617 608 702 inde
626 617 914 728 incomposita
930 613 1087 698 ratione
1104 638 1156 696 ex
1176 610 1334 694 ratione
1353 604 1637 718 subduplicata
1646 605 1800 694 curcua
1807 614 2038 721 ponderum

513 737 554 816 δι
577 724 875 843 subduplicatis
895 727 1118 812 rationibus
1137 723 1302 818 inversis
1323 721 1534 846 misarum
1548 717 1924 834 &longitudinum
1942 753 2044 840 pen.
2130 749 2136 760 ·

510 844 722 932 dulorum.·
744 845 830 926 Aut
840 900 855 941 ,
882 841 911 924 sr
929 841 1112 954 pondera
1130 836 1261 922 mallis
1282 832 1607 950 proportionalia
1627 831 1727 934 srnt,
1755 855 1803 918 ut
1824 840 1973 924 tutoid
1982 841 2043 926 as-

509 957 614 1040 sumi
633 955 766 1068 potest
773 1001 787 1054 3
816 975 934 1040 erunt
953 953 1157 1067 praedistae
1176 950 1478 1036 oscillationum
1496 945 1806 1064 multitudines,
1817 971 1865 1032 ut
1884 953 2041 1044 radices

509 1099 562 1155 cx
580 1070 813 1178 lineis‚quae
833 1068 1015 1179 pondera
1033 1065 1101 1150 scu
1118 1066 1224 1148 vires
1244 1063 1456 1184 gravitatis
1473 1075 1711 1170 exponunt,
1722 1062 1871 1172 quibus
1883 1071 2041 1178 pendu.
2152 1176 2155 1182 Ι

509 1185 550 1266 la
569 1181 1025 1295 agitantur,applicatis
1045 1177 1382 1290 adpendulorum
1400 1173 1693 1288 longitudines.
1747 1176 1890 1286 Atque
1911 1181 2015 1267 adeo
2026 1241 2042 1284 ,

491 1321 565 1390 ,ιε
583 1295 857 1406 pendulorum
876 1291 1140 1405 inaequalium
1149 1285 1243 1388 ‚sed
1259 1289 1400 1374 eadem
1423 1286 1635 1402 gravitatis
1660 1283 1935 1376 solicitatione
1954 1299 2040 1408 agi.

461 1437 462 1440 ‘
511 1429 715 1506 rarorum,
743 1409 989 1492 vibrationes
1009 1399 1157 1516 eodem
1177 1423 1361 1515 tempore
1381 1399 1636 1486 absolvenda
1655 1397 1748 1484 sunt
1767 1401 1811 1485 in
1830 1407 2042 1518 reciproca

510 1519 795 1633 subduplicata
813 1522 969 1606 ratione
986 1516 1260 1632 longitudinis
1279 1513 1568 1628 pendulorum.
1612 1534 1664 1600 τ’.
1693 1513 1903 1601 Numerus
1922 1517 2041 1606 oscil-

508 1634 709 1720 lationum
729 1634 848 1732 unius
861 1633 1044 1748 penduli
1063 1632 1141 1715 erit
1158 1631 1212 1714 ad
1232 1651 1446 1716 numerum
1462 1623 1765 1756 oscillationem
1785 1631 2043 1718 oodemtcm.
2183 1667 2197 1732 p

368 1925 372 1930 .
443 1847 462 1880 ⁸
509 1747 1050 1974 scililidedplidraldldiiddleo
1069 1739 2048 1982 obcildltioisiisgredirildsidltdddnisrildlsmpddmsdi
2078 1797 2080 1800 Ι

508 1973 778 2060 licitationem
792 1974 1034 2087 gravitatis,
1046 1993 1130 2082 qua
1149 1969 1321 2057 alterurn
1336 1966 1569 2079 pendulum
1587 1969 1725 2080 primo
1745 1974 1887 2081 quoad
1906 1973 2039 2088 longi-

509 2089 695 2176 tudinem
716 2089 875 2199 aequale
893 2088 1084 2201 agitatur.
1133 2085 1276 2195 Atque
1293 2081 1374 2170 hoc
1395 2079 1594 2196 posterius
1613 2083 1670 2170 ad
1687 2083 1871 2170 amuffim
1885 2113 2038 2194 conec,-

509 2201 573 2286 nit
591 2230 687 2290 cum
706 2200 847 2314 regula
865 2225 991 2312 quarn
1013 2197 1280 2288 Bernoulliur‘
1306 2197 1350 2282 in
1370 2195 1663 2312 elegantillirno
1682 2195 1756 2282 suo
1774 2197 2039 2286 schediasma·

457 2345 462 2360 ·
509 2335 552 2398 te
569 2316 662 2400 ne.
688 2313 800 2426 Lips.
819 2337 936 2424 1713.
957 2311 1021 2398 M.
1036 2311 1259 2412 Februario
1276 2309 1427 2408 inserto
1437 2367 1451 2409 ,
1462 2311 1589 2410 tredit
1609 2309 1867 2426 paragrapho
1891 2317 1966 2414 1⁶,
1990 2341 2041 2400 err

509 2455 594 2537 qua
613 2428 808 2540 deinceps
826 2423 1044 2540 gravitates
1065 2424 1276 2538 specificas
1298 2429 1436 2512 eruet'e
1452 2425 1576 2510 docet
1594 2449 1647 2512 ex
1670 2425 1951 2538 'perductum
1964 2453 2042 2544 pu·

173 2583 180 2596 ·
346 2639 359 2646 -
413 2612 419 2625 .
456 2610 460 2616 .
508 2541 747 2674 perimentis
764 2542 893 2626 modo
909 2541 1032 2652 plane
1050 2567 1165 2624 novo
1185 2565 1259 2624 nec
1279 2559 1397 2622 anter
1417 2537 1598 2651 cognito.

1055 2773 1558 2902 Sbuotromf

404 3021 411 3034 ·
575 3003 667 3087 177.
697 2975 764 3062 Ex
795 2978 1021 3066 corollariis
1048 2980 1239 3090 proxime
1258 2979 1590 3069 antemdentibus
1611 2977 1704 3062 satis
1725 2977 1884 3062 elucere
1901 2983 2041 3068 existi-
2109 3000 2131 3020 ’·
2196 3057 2197 3086 Ν

353 3143 358 3151 -
513 3117 585 3174 mo
591 3113 778 3201 ,quantae
788 3087 992 3184 utilitatis
1022 3091 1071 3176 fit
1100 3096 1309 3182 theorema
1338 3091 1518 3184 nostrum
1575 3089 1730 3184 enerale
1759 3089 2039 3194 isochsonismi
2196 3097 2197 3158 Γ

512 3230 731 3313 corporum
750 3207 792 3288 in
804 3205 1168 3318 curvis,affignata
1186 3207 1277 3318 lege
1297 3203 1536 3318 descriptis,
1565 3204 1919 3306 descendentium,
1946 3237 2040 3294 cum

508 3339 565 3398 “ex
585 3345 632 3400 ea
650 3309 902 3430 omnia‚quae
922 3319 976 3404 ad
1025 3319 1267 3404 endulorum
1278 3337 1413 3402 motus
1423 3317 1752 3430 speslantmanta
1761 3315 1963 3408 facilitate
1972 3323 2042 3408 dc·

428 3433 430 3440 ’
515 3419 738 3514 ducantur:
766 3433 930 3516 interim
993 3431 1221 3518 cillationes
1244 3431 1521 3544 pendulorum
1550 3455 1674 3542 quam
1703 3431 1892 3516 minimas
1912 3435 2037 3520 const·

514 3539 653 3626 derare
672 3547 866 3635 convenit
885 3565 1056 3657 propter
1074 3546 1248 3630 rationes
1268 3545 1306 3646 §.
1324 3569 1415 3655 174.
1436 3545 1657 3646 indicatas,
1670 3543 1828 3630 scilicet
1837 3548 1936 3656 quia
1953 3567 2048 3634 tum.
2196 3633 2197 3658 p

512 3653 677 3738 demum
687 3657 912 3768 pendulum
922 3659 990 3742 vel
999 3659 1171 3770 penduli
1188 3659 1350 3770 pondus
1369 3659 1553 3746 arculum
1564 3657 1802 3756 isochronae‚
1814 3663 1930 3772 cujus
1939 3682 2040 3768 tern-
2196 3685 2197 3690 ‘

511 3793 590 3877 pus
607 3769 775 3854 dimensi
787 3771 919 3858 sumus
931 3797 1187 3882 ,percurrere
1203 3770 1409 3874 censetur,
1421 3797 1514 3857 cum
1526 3769 1741 3866 minimum
1761 3773 1943 3856 arculum
1963 3775 2041 3860 cir-
2196 3865 2197 3880 p

511 3879 688 3974 cularem
717 3884 850 3995 ipsum
869 3885 1085 3984 describit,
1105 3885 1387 3996 quoniam‚eo
1408 3885 1499 3970 casu
1511 3885 1637 3981 ,'tolis
1654 3883 1812 3972 arculus
1834 3886 2042 3972 circularis
2196 3951 2197 3980 r

398 4079 402 4084 ,
422 4011 427 4040 ¹
511 3989 715 4078 osculatur
735 3997 918 4084 arculur'n
936 3997 1159 4083 isocln'onae
1180 3999 1356 4108 duplum
1374 3997 1498 4110 ipsius
1510 3996 1669 4083 XAseu
1688 3997 1870 4084 arculum
1881 3999 2013 4086 XAX
2024 4045 2040 4102 3
2176 4063 2180 4074 -

511 4104 647 4218 posrto
666 4137 759 4192 arcu
779 4112 864 4196 AX
884 4113 928 4192 in
950 4139 1075 4195 curva
1094 4109 1225 4212 ΒΕΑ,
1234 4140 1285 4196 ex
1307 4112 1432 4197 altera
1449 4114 1537 4198 axis
1563 4113 1646 4198 AC
1677 4131 1794 4223 parte
1824 4111 2060 4200 constituto

499 4221 659 4328 ·oequali
681 4221 820 4304 arculo
839 4221 948 4320 Ax,
977 4233 1018 4308 δε
1039 4227 1136 4338 quia
1152 4221 1326 4308 osculari
1346 4247 1470 4338 atque
1500 4251 1723 4338 congruere
1742 4227 1787 4308 in
1804 4225 2040 4312 Geometria

365 4389 379 4414 .
510 4360 637 4416 unum
657 4333 851 4444 idemque
870 4334 1098 4452 fignificant
1109 4395 1124 4436 ,
1149 4335 1291 4440 saltem
1311 4337 1356 4420 in
1373 4369 1420 4425 ea
1441 4361 1570 4454 parte,
1582 4339 1625 4421 in
1650 4366 1732 4449 qua
1748 4337 2038 4423 osculumcon-
2146 4431 2156 4456 ·

445 4529 453 4544 ,
511 4445 648 4558 tingit.
681 4445 753 4528 Sin
772 4451 872 4532 verb
894 4451 1022 4534 arc'uli
1040 4447 1127 4538 AX
1142 4477 1230 4532 non
1252 4449 1343 4533 sunt
1362 4449 1547 4551 minimi,
1559 4453 1646 4536 haec
1658 4473 1793 4535 tamen
1812 4453 1951 4535 omnia
1971 4455 2039 4537 ad·
2196 4457 2197 4470 '

389 4580 394 4589 '
511 4557 592 4642 huc
612 4557 873 4657 subfistenmi
893 4565 1073 4678 pendula
1091 4563 1257 4652 intense
1276 4561 1428 4652 collata
1448 4568 1519 4654 uel
1534 4591 1676 4652 eonrnr
1692 4565 1876 4679 pondera
1896 4590 2037 4652 curvas

511 4669 656 4756 fimiles
678 4671 975 4786 descripserint.
1098 4719 1106 4734 ·
1288 4719 1294 4728 ·

467 4841 468 4845 ψ
531 4857 535 4865 .
570 4787 660 4892 ηὸ.
690 4787 757 4874 ut
778 4787 1016 4902 igiturque
1043 4789 1089 4880 m
1120 4795 1452 4944 antecedentibus
1482 4791 1707 4926 :soumis
1734 4763 1902 4906 'rpem
1931 4792 2042 4988 dffiss
