4424 5728
377 349 1558 496 DuV'rnruusnrMorruusCouronuu.
1658 358 1731 481 ·“ς

203 519 268 604 vis
288 519 501 630 in-eorpus
519 516 605 628 agit
616 571 630 614 ,
659 511 799 625 estque
822 512 894 595 illa
910 513 1046 612 resia,
1067 537 1191 624 quam
1211 513 1363 600 mobile
1392 517 1469 604 hac
1492 520 1538 604 vi
1558 513 1731 608 citatum
1844 605 1847 612 .

203 633 296 719 astu
315 625 508 716 describit
528 648 599 710 aut
618 625 760 712 saltem
779 625 1001 710 describere
1019 649 1202 712 conatur.
1574 705 1580 716 .

261 773 323 830 22.
355 745 466 832 Vates
496 747 537 826 δι
569 729 706 828 Motus
733 737 1123 935 conspirauerunt,
1160 768 1336 854 quorum
1364 739 1607 826 directiones
1633 771 1730 832 non.

189 954 195 964 ¹
201 878 379 974 gruunt,
407 876 478 940 aut
499 851 638 938 saltem
659 852 811 964 paralle
828 876 862 934 ae
878 850 996 952 sunt,
1022 859 1065 938 ὃ(
1083 855 1243 939 easdem
1263 855 1316 938 ad
1336 874 1470 966 partes
1491 856 1677 944 tendunt.

264 999 327 1083 ²3·
360 973 472 1055 Vires
488 967 589 1052 verb
608 973 650 1051 δι
671 987 807 1049 motus
829 963 1126 1084 Concrampoc
1147 967 1230 1066 est,
1246 965 1289 1053 ά·
1370 996 1389 1053 e
1408 965 1589 1080 oppositi
1600 999 1729 1083 ,qun

202 1091 302 1167 rum'
313 1081 554 1168 direstiones
573 1077 742 1190 quidem
761 1099 993 1192 congruunt
1012 1099 1083 1162 aut
1114 1075 1254 1166 saltem
1348 1077 1587 1166 uidistantes
1615 1079 1731 1188 suut,

201 1194 336 1280 sedin
354 1191 559 1308 oppositas
580 1211 714 1302 partes
724 1212 918 1304 vergunt.
981 1251 1004 1292 .
1726 1285 1729 1290 1

257 1307 466 1392 Hastenus
487 1303 689 1420 generales
707 1307 925 1416 corporum
935 1299 1172 1390 affe&iones
1182 1362 1195 1403 ‚
1206 1305 1354 1418 quibus
1366 1303 1565 1402 accensit&
1577 1306 1728 1394 virium

83 1517 88 1524 ,
207 1417 361 1532 species
381 1417 580 1532 applicari
599 1415 787 1528 possunt,
799 1417 974 1502 breviter
992 1415 1216 1532 attigimus.
1246 1417 1421 1502 Ordinis
1446 1417 1549 1500 ratio
1567 1418 1731 1532 insuper

201 1533 374 1642 requirit
392 1552 440 1614 ut
458 1545 678 1642 corporum
698 1527 872 1640 species,
885 1529 1035 1642 quibus
1056 1533 1163 1616 vires
1181 1531 1263 1616 illae
1283 1532 1396 1616 varie
1416 1527 1579 1644 poliunt
1598 1535 1732 1646 appli-

201 1644 312 1744 cari,
333 1645 384 1729 ab
409 1643 588 1730 invicem
607 1638 931 1755 distinguentun
960 1669 1133 1754 corpora
1157 1643 1266 1728 enim
1295 1643 1390 1728 sunt
1417 1641 1485 1726 vel
1514 1641 1644 1728 solida
1664 1649 1731 1732 vel

198 1757 371 1862 fluid25
416 1763 458 1844 &
487 1779 540 1840 ex
566 1749 733 1839 diversis
765 1751 876 1838 hisce
908 1751 1115 1866 speciebus
1143 1753 1305 1840 diversa
1332 1753 1526 1842 resultant
1565 1755 1732 1870 phano-

204 1893 335 1954 mena.
498 1905 502 1914 ·
646 1915 650 1922 ·
785 1870 798 1903 ’
1383 1948 1388 1967 x
1722 1923 1725 1930 ·

207 1989 211 1996 '
262 2007 326 2092 ²4
358 1977 524 2096 Corpora
542 1975 669 2097 solida
696 1995 767 2062 aut
794 1973 1017 2092 confistentia
1039 1975 1234 2064 dicuntur
1249 2005 1319 2078 ea,
1338 2003 1514 2092 quorum
1534 1981 1732 2070 elementa

203 2087 345 2180 saltem
374 2121 556 2206 eousque
586 2091 813 2192 cohaerent,
840 2091 1021 2175 utnulla
1049 2092 1233 2203 corporis
1264 2117 1356 2206 pars
1388 2089 1625 2178 sensibiliter
1643 2127 1730 2180 mo-

206 2209 297 2292 veri
316 2203 461 2318 polilt,
488 2207 591 2317 quin
610 2225 699 2288 tota
716 2203 838 2293 marsa
858 2205 1032 2289 eundem
1053 2225 1217 2288 motum.
1231 2201 1466 2316 participet.
1523 2206 1731 2294 Caeterum

203 2345 258 2410 ex
281 2317 626 2404 observationibus
650 2315 792 2401 Celebi
814 2315 1028 2402 Dominici
1049 2299 1203 2402 Catlrni
1225 2315 1382 2401 constat
1402 2317 1566 2401 metalla
1586 2317 1731 2432 frigori

204 2431 389 2544 expolita
408 2431 595 2517 nonnihil
606 2426 967 2526 contrahi‚&vice
986 2427 1113 2526 versa,
1123 2429 1264 2540 quoad
1276 2429 1500 2529 Volumeru
1510 2419 1677 2515 extendi
1688 2435 1732 2516 in

203 2543 307 2630 locis
328 2545 500 2644 calidis,
528 2551 569 2626 δε
589 2541 789 2655 ejusmodi
809 2539 1068 2650 metallorum
1086 2539 1338 2646 extensiones
1357 2549 1399 2626 &
1418 2543 1730 2646 contrastiones,

204 2657 354 2768 quibus
374 2655 485 2741 haud
503 2650 627 2739 dubie
642 2651 849 2740 durislima
867 2664 1052 2764 quaque
1072 2645 1152 2738 alia
1183 2681 1356 2767 corpora
1383 2655 1476 2766 plus
1505 2655 1730 2741 minusob-

206 2770 333 2854 noxia
353 2768 469 2866 sunt,
495 2768 648 2880 absque
666 2767 826 2849 interno
846 2766 1024 2878 partium
1043 2765 1166 2852 motu·
1178 2766 1268 2852 fieri
1288 2785 1513 2879 nequeunt:
1543 2767 1613 2852 sed
1632 2771 1731 2880 quia

206 2881 254 2992 bi
270 2901 492 2979 motus‚ex
510 2877 604 2962 solis
624 2873 901 2990 phaenbmenis
923 2903 996 2988 per
1016 2880 1231 2964 ratiocinia
1252 2878 1501 2994 colligendi,
1524 2881 1566 2962 in
1598 2879 1729 2967 sensus

207 2993 444 3088 immediate
455 3019 537 3075 non
546 2995 779 3088 incurrunt,
789 2987 1022 3076 definitioni
1031 2991 1097 3076 isti
1106 2989 1211 3076 nihil
1221 2989 1383 3079 officere
1400 2991 1564 3104 possunt
1573 3038 1587 3094 3
1598 3018 1728 3104 quan·

210 3106 438 3216 doquidem
467 3105 510 3186 iir
529 3133 575 3187 ea
593 3129 812 3228 corporpm
829 3101 1136 3199 durorum‚'seu
1164 3103 1410 3202 solidorum,
1432 3105 1629 3190 elementa
1647 3135 1732 3192 non·

209 3215 390 3302 absolute
407 3215 608 3302 cohaerere
625 3217 840 3314 dicuntur,
861 3211 932 3296 sed
949 3233 1106 3298 tantum
1128 3245 1331 3328 eousque,
1344 3237 1391 3300 ut
1411 3245 1458 3302 ea
1476 3219 1527 3300 ab
1544 3218 1724 3310 invicem

210 3329 333 3414 avelli
350 3352 420 3415 aut
438 3329 595 3414 moveri
614 3326 848 3412 sensibiliter
866 3350 1095 3438 nequeant,
1112 3331 1215 3442 quin
1244 3350 1379 3416 toturn
1410 3358 1563 3444 corpus.
1586 3333 1730 3418 eodem
1862 3347 1867 3350 ’

212 3453 327 3525 motb
347 3441 582 3550 abripiatur.
602 3499 607 3508 ·
1122 3531 1131 3544 ,
1715 3481 1719 3490 ·

142 3569 146 3578 ’
220 3649 223 3656 ⁴
267 3579 331 3662 25.
360 3551 500 3638 Fiuida
520 3553 618 3636 verb
638 3579 810 3666 corpora
829 3551 943 3652 sunt,
970 3581 1145 3664 quorum
1164 3555 1374 3664 particula
1403 3553 1625 3668 agilissimae
1646 3585 1728 3640 non
1758 3611 1761 3618 ι

211 3665 414 3750 cohaerent
425 3661 646 3762 ,sedfacile
656 3667 811 3750 moveri
829 3664 1093 3776 polluntnon
1112 3669 1225 3748 moti
1245 3665 1434 3752 universi
1451 3667 1572 3752 fluidi
1592 3669 1726 3759 massi.

211 3779 262 3862 In
283 3777 423 3861 fluidis
442 3773 608 3861 viscidis
633 3778 843 3888 particula
864 3777 1053 3864 nonnihil
1081 3779 1281 3864 cohaerere
1298 3781 1518 3884 videntur,
1543 3779 1613 3864 sed
1636 3783 1728 3870 talis

168 3893 173 3902 '
210 3917 346 3974 earum
367 3887 540 3974 a'dbaesro
557 3889 700 3972 miram
719 3891 949 3982 earumdem
977 3890 1082 3972 inter
1113 3889 1152 3972 se
1179 3892 1449 3974 mobilitatem
1479 3919 1560 3972 non
1590 3891 1729 3994 tollit,
1816 3918 1863 4011 ο
1901 3885 1905 3893 ’

211 4031 258 4085 ac
278 4022 492 4118 propterea
512 4000 609 4090 talia
629 3993 756 4090 fluida
783 4029 834 4088 ex
865 4002 987 4090 allata
1015 4001 1094 4138 hap
1124 4001 1364 4088 definitione
1394 4031 1476 4088 non
1504 4004 1731 4094 excludun-

213 4133 292 4198 tur.
